@INPROCEEDINGS{BotNetSDNDeepLearning,
  author={Maeda, Shogo and Kanai, Atsushi and Tanimoto, Shigeaki and Hatashima, Takashi and Ohkubo, Kazuhiko},
  booktitle={2019 IEEE International Conference on Consumer Electronics (ICCE)}, 
  title={A Botnet Detection Method on SDN using Deep Learning}, 
  year={2019},
  volume={},
  number={},
  pages={1-6},
  doi={10.1109/ICCE.2019.8662080}}
  
  @inproceedings{lu2016easy,
  title={An easy defense mechanism against botnet-based DDoS flooding attack originated in SDN environment using sFlow},
  author={Lu, Yiqin and Wang, Meng},
  booktitle={Proceedings of the 11th International Conference on Future Internet Technologies},
  pages={14--20},
  year={2016}
}

@article{chen2017botguard,
  title={BotGuard: Lightweight real-time botnet detection in software defined networks},
  author={Chen, Jing and Cheng, Xi and Du, Ruiying and Hu, Li and Wang, Chiheng},
  journal={Wuhan University Journal of Natural Sciences},
  volume={22},
  number={2},
  pages={103--113},
  year={2017},
  publisher={Springer}
}

@article{shinan2021machine,
  title={Machine Learning-Based Botnet Detection in Software-Defined Network: A Systematic Review},
  author={Shinan, Khlood and Alsubhi, Khalid and Alzahrani, Ahmed and Ashraf, Muhammad Usman},
  journal={Symmetry},
  volume={13},
  number={5},
  pages={866},
  year={2021},
  publisher={Multidisciplinary Digital Publishing Institute}
}

@inproceedings{haq2015sdn,
  title={SDN-inspired, real-time botnet detection and flow-blocking at ISP and enterprise-level},
  author={Haq, Osama and Abaid, Zainab and Bhatti, Naveed and Ahmed, Zaafar and Syed, Affan},
  booktitle={2015 IEEE International Conference on Communications (ICC)},
  pages={5278--5283},
  year={2015},
  organization={IEEE}
}
@article{hadianto2018survey,
  title={A survey paper on botnet attacks and defenses in software defined networking},
  author={Hadianto, Rahmadani and Purboyo, Tito Waluyo},
  journal={International Journal of Applied Engineering Research},
  volume={13},
  number={1},
  pages={483--489},
  year={2018}
}
@article{silva2013botnets,
  title={Botnets: A survey},
  author={Silva, S{\'e}rgio SC and Silva, Rodrigo MP and Pinto, Raquel CG and Salles, Ronaldo M},
  journal={Computer Networks},
  volume={57},
  number={2},
  pages={378--403},
  year={2013},
  publisher={Elsevier}
}

@techreport{stevanovic2013machine,
  title={Machine learning for identifying botnet network traffic},
  author={Stevanovic, Matija and Pedersen, Jens Myrup},
  institution={Aalborg Universitet, Department of Electronic Systems, {\it Available:} https://vbn.aau.dk/en/publications/machine-learning-for-identifying-botnet-network-traffic},
  year={2013}
}

@article{garre2021novel,
  title={A novel Machine Learning-based approach for the detection of SSH botnet infection},
  author={Garre, Jos{\'e} Tom{\'a}s Mart{\'\i}nez and P{\'e}rez, Manuel Gil and Ruiz-Mart{\'\i}nez, Antonio},
  journal={Future Generation Computer Systems},
  volume={115},
  pages={387--396},
  year={2021},
  publisher={Elsevier}
}

@article{balaban_2021, title={The 8 biggest botnets of all time},
journal={CyberNews}, 
author={Balaban, David},
url={https://cybernews.com/security/the-8-biggest-botnets-of-all-time/},   year={2021}, month={Sep}
}

@inproceedings{nugraha2020deep,
  title={Deep learning-based slow DDoS attack detection in SDN-based networks},
  author={Nugraha, Beny and Murthy, Rathan Narasimha},
  booktitle={2020 IEEE Conference on Network Function Virtualization and Software Defined Networks (NFV-SDN)},
  pages={51--56},
  year={2020},
  organization={IEEE}
}

@inproceedings{starke2019denial,
  title={Denial of Service Detection \& Mitigation Scheme using Responsive Autonomic Virtual Networks (RAvN)},
  author={Starke, Allen and Nie, Zixiang and Hodges, Morgan and Baker, Corey and McNair, Janise},
  booktitle={MILCOM 2019-2019 IEEE Military Communications Conference (MILCOM)},
  pages={1--6},
  year={2019},
  organization={IEEE}
}

@article{polat2020detecting,
  title={Detecting DDoS attacks in software-defined networks through feature selection methods and machine learning models},
  author={Polat, Huseyin and Polat, Onur and Cetin, Aydin},
  journal={Sustainability},
  volume={12},
  number={3},
  pages={1035},
  year={2020},
  publisher={Multidisciplinary Digital Publishing Institute}
}
@inproceedings{deepa2018detection,
  title={Detection of DDoS attack on SDN control plane using hybrid machine learning techniques},
  author={Deepa, V and Sudar, K Muthamil and Deepalakshmi, P},
  booktitle={2018 International Conference on Smart Systems and Inventive Technology (ICSSIT)},
  pages={299--303},
  year={2018},
  organization={IEEE}
}


@inproceedings{brooks2015man,
  title={A Man-in-the-Middle attack against OpenDayLight SDN controller},
  author={Brooks, Michael and Yang, Baijian},
  booktitle={Proceedings of the 4th Annual ACM Conference on Research in Information Technology},
  pages={45--49},
  year={2015}
}

@inproceedings{zhang2018cmd,
  title={CMD: A convincing mechanism for MITM detection in SDN},
  author={Zhang, Kai and Qiu, Xiaofeng},
  booktitle={2018 IEEE International Conference on Consumer Electronics (ICCE)},
  pages={1--6},
  year={2018},
  organization={IEEE}
}

@inproceedings{sebbar2018detection,
  title={Detection MITM attack in multi-SDN controller},
  author={Sebbar, Anass and Boulmalf, Mohammed and El Kettani, Mohamed Dafir Ech-Cherif and Baddi, Youssef},
  booktitle={2018 IEEE 5th International Congress on Information Science and Technology (CiSt)},
  pages={583--587},
  year={2018},
  organization={IEEE}
}

@article{sebbar2020mitm,
  title={MitM detection and defense mechanism CBNA-RF based on machine learning for large-scale SDN context},
  author={Sebbar, Anass and Zkik, Karim and Baddi, Youssef and Boulmalf, Mohammed and Kettani, Mohamed Dafir Ech-Cherif El},
  journal={Journal of Ambient Intelligence and Humanized Computing},
  volume={11},
  pages={5875--5894},
  year={2020},
  publisher={Springer}
}

@article{kim2013topology,
  title={On topology attack of a smart grid: Undetectable attacks and countermeasures},
  author={Kim, Jinsub and Tong, Lang},
  journal={IEEE Journal on Selected Areas in Communications},
  volume={31},
  number={7},
  pages={1294--1305},
  year={2013},
  publisher={IEEE}
}

@article{zhu2019sdn,
  title={SDN controllers: Benchmarking \& performance evaluation},
  author={Zhu, Liehuang and Karim, Md Monjurul and Sharif, Kashif and Li, Fan and Du, Xiaojiang and Guizani, Mohsen},
  journal={arXiv preprint arXiv:1902.04491},
  year={2019}
}

@inproceedings{salman2016sdn,
  title={SDN controllers: A comparative study},
  author={Salman, Ola and Elhajj, Imad H and Kayssi, Ayman and Chehab, Ali},
  booktitle={2016 18th Mediterranean Electrotechnical Conference (MELECON)},
  pages={1--6},
  year={2016},
  organization={IEEE}
}

@article{ahmad2015security,
  title={Security in software defined networks: A survey},
  author={Ahmad, Ijaz and Namal, Suneth and Ylianttila, Mika and Gurtov, Andrei},
  journal={IEEE Communications Surveys \& Tutorials},
  volume={17},
  number={4},
  pages={2317--2346},
  year={2015},
  publisher={IEEE}
}

@article{scott2015survey,
  title={A survey of security in software defined networks},
  author={Scott-Hayward, Sandra and Natarajan, Sriram and Sezer, Sakir},
  journal={IEEE Communications Surveys \& Tutorials},
  volume={18},
  number={1},
  pages={623--654},
  year={2015},
  publisher={IEEE}
}

@article{chica2020security,
  title={Security in SDN: A comprehensive survey},
  author={Chica, Juan Camilo Correa and Imbachi, Jenny Cuatindioy and Vega, Juan Felipe Botero},
  journal={Journal of Network and Computer Applications},
  volume={159},
  pages={1-23},
  year={2020},
  publisher={Elsevier}
}

@inproceedings{scott2013sdn,
  title={SDN security: A survey},
  author={Scott-Hayward, Sandra and O'Callaghan, Gemma and Sezer, Sakir},
  booktitle={2013 IEEE SDN For Future Networks and Services (SDN4FNS)},
  pages={1--7},
  year={2013},
  organization={IEEE}
}
@article{benzekki2016software,
  title={Software-defined networking (SDN): a survey},
  author={Benzekki, Kamal and El Fergougui, Abdeslam and Elbelrhiti Elalaoui, Abdelbaki},
  journal={Security and communication networks},
  volume={9},
  number={18},
  pages={5803--5833},
  year={2016},
  publisher={Wiley Online Library}
}

@article{sezer2013we,
  title={Are we ready for SDN? Implementation challenges for software-defined networks},
  author={Sezer, Sakir and Scott-Hayward, Sandra and Chouhan, Pushpinder Kaur and Fraser, Barbara and Lake, David and Finnegan, Jim and Viljoen, Niel and Miller, Marc and Rao, Navneet},
  journal={IEEE Communications Magazine},
  volume={51},
  number={7},
  pages={36--43},
  year={2013},
  publisher={IEEE}
}
@article{eckermann_2019, 
title={What actually is a botnet?},
url={https://www.gdata-software.com/guidebook/what-actually-is-a-botnet}, 
journal={G DATA}, 
author={Eckermann, Ines Maria}, year={2019}, 
month={July}
}

@article{puri2003bots,
  title={Bots and Botnet: An Overview, SANS Institute 2003},
  author={Puri, Ramneek},
  journal={GSEC Practical Assignement},
  year={2003}
}
@inproceedings{zeidanloo2009botnet,
  title={Botnet command and control mechanisms},
  author={Zeidanloo, Hossein Rouhani and Manaf, Azizah Abdul},
  booktitle={2009 Second International Conference on Computer and Electrical Engineering},
  volume={1},
  pages={564--568},
  year={2009},
  organization={IEEE}
}

@article{jain2013b4,
  title={B4: Experience with a globally-deployed software defined WAN},
  author={Jain, Sushant and Kumar, Alok and Mandal, Subhasree and Ong, Joon and Poutievski, Leon and Singh, Arjun and Venkata, Subbaiah and Wanderer, Jim and Zhou, Junlan and Zhu, Min and others},
  journal={ACM SIGCOMM Computer Communication Review},
  volume={43},
  number={4},
  pages={3--14},
  year={2013},
  publisher={ACM New York, NY, USA}
}

@inproceedings{lim2014sdn,
  title={A SDN-oriented DDoS blocking scheme for botnet-based attacks},
  author={Lim, Sharon and Ha, J and Kim, H and Kim, Y and Yang, S},
  booktitle={2014 Sixth International Conference on Ubiquitous and Future Networks (ICUFN)},
  pages={63--68},
  year={2014},
  organization={IEEE}
}

@inproceedings{wijesinghe2015botnet,
  title={Botnet detection using software defined networking},
  author={Wijesinghe, Udaya and Tupakula, Udaya and Varadharajan, Vijay},
  booktitle={2015 22nd International Conference on Telecommunications (ICT)},
  pages={219--224},
  year={2015},
  organization={IEEE}
}

@article{su2018detecting,
  title={Detecting p2p botnet in software defined networks},
  author={Su, Shang-Chiuan and Chen, Yi-Ren and Tsai, Shi-Chun and Lin, Yi-Bing},
  journal={Security and Communication Networks},
  volume={2018},
  year={2018},
  publisher={Hindawi}
}
@article{ghafir2015survey,
  title={A survey on botnet command and control traffic detection},
  author={Ghafir, Ibrahim and Svoboda, Jakub and Prenosil, Vaclav and others},
  journal={Int J Adv Comput Netw Secur},
  volume={5},
  number={2},
  pages={75--80},
  year={2015}
}
@article{vania2013review,
  title={A review on botnet and detection technique},
  author={Vania, Jignesh and Meniya, Arvind and Jethva, HB},
  journal={International Journal of Computer Trends and Technology},
  volume={4},
  number={1},
  pages={23--29},
  year={2013},
  publisher={Citeseer}
}
@article{karim2014botnet,
  title={Botnet detection techniques: review, future trends, and issues},
  author={Karim, Ahmad and Salleh, Rosli Bin and Shiraz, Muhammad and Shah, Syed Adeel Ali and Awan, Irfan and Anuar, Nor Badrul},
  journal={Journal of Zhejiang University SCIENCE C},
  volume={15},
  number={11},
  pages={943--983},
  year={2014},
  publisher={Springer}
}
@article{hassan2013network,
  title={Network intrusion detection system using genetic algorithm and fuzzy logic},
  author={Hassan, Mostaque Md Morshedur},
  journal={International Journal of Innovative Research in Computer and Communication Engineering},
  volume={1},
  number={7},
  year={2013}
}
@article{alieyan2017survey,
  title={A survey of botnet detection based on DNS},
  author={Alieyan, Kamal and ALmomani, Ammar and Manasrah, Ahmad and Kadhum, Mohammed M},
  journal={Neural Computing and Applications},
  volume={28},
  number={7},
  pages={1541--1558},
  year={2017},
  publisher={Springer}
}
@inproceedings{beigi2014towards,
  title={Towards effective feature selection in machine learning-based botnet detection approaches},
  author={Beigi, Elaheh Biglar and Jazi, Hossein Hadian and Stakhanova, Natalia and Ghorbani, Ali A},
  booktitle={2014 IEEE Conference on Communications and Network Security},
  pages={247--255},
  year={2014},
  organization={IEEE}
}

@article{bridges2019survey,
  title={A survey of intrusion detection systems leveraging host data},
  author={Bridges, Robert A and Glass-Vanderlan, Tarrah R and Iannacone, Michael D and Vincent, Maria S and Chen, Qian},
  journal={ACM Computing Surveys (CSUR)},
  volume={52},
  number={6},
  pages={1--35},
  year={2019},
  publisher={ACM New York, NY, USA}
}
@article{ja2021intelligent,
  title={An intelligent botnet blocking approach in software defined networks using honeypots},
  author={Ja’fari, Forough and Mostafavi, Seyedakbar and Mizanian, Kiarash and Jafari, Emad},
  journal={Journal of Ambient Intelligence and Humanized Computing},
  volume={12},
  number={2},
  pages={2993--3016},
  year={2021},
  publisher={Springer}
}
@inproceedings{luo2019using,
  title={Using MTD and SDN-based honeypots to defend DDoS attacks in IoT},
  author={Luo, Xupeng and Yan, Qiao and Wang, Mingde and Huang, Wenyao},
  booktitle={2019 Computing, Communications and IoT Applications (ComComAp)},
  pages={392--395},
  year={2019},
  organization={IEEE}
}
@article{lee2021classification,
  title={Classification of botnet attacks in IoT smart factory using honeypot combined with machine learning},
  author={Lee, Seungjin and Abdullah, Azween and Jhanjhi, Nz and Kok, Sh},
  journal={PeerJ Computer Science},
  volume={7},
  pages={e350},
  year={2021},
  publisher={PeerJ Inc.}
}
@inproceedings{saharan2019prevention,
  title={Prevention and Mitigation of DNS based DDoS attacks in SDN Environment},
  author={Saharan, Shail and Gupta, Vishal},
  booktitle={2019 11th International Conference on Communication Systems \& Networks (COMSNETS)},
  pages={571--573},
  year={2019},
  organization={IEEE}
}

@inproceedings{ashraf2021intrusion,
  title={Intrusion Detection System for SDN-enabled IoT Networks using Machine Learning Techniques},
  author={Ashraf, Javed and Moustafa, N and Bukhshi, Asim D and Javed, Abdullah},
  booktitle={2021 IEEE 25th International Enterprise Distributed Object Computing Workshop (EDOCW)},
  pages={46--52},
  year={2021},
  organization={IEEE}
}
@article{manso2019sdn,
  title={SDN-based intrusion detection system for early detection and mitigation of DDoS attacks},
  author={Manso, Pedro and Moura, Jos{\'e} and Serr{\~a}o, Carlos},
  journal={Information},
  volume={10},
  number={3},
  pages={106},
  year={2019},
  publisher={Multidisciplinary Digital Publishing Institute}
}

@inproceedings{meghana2017survey,
  title={A survey on ARP cache poisoning and techniques for detection and mitigation},
  author={Meghana, Jitta Sai and Subashri, T and Vimal, KR},
  booktitle={2017 Fourth International Conference on Signal Processing, Communication and Networking (ICSCN)},
  pages={1--6},
  year={2017},
  organization={IEEE}
}
@inproceedings{tripunitara1999middleware,
  title={A middleware approach to asynchronous and backward compatible detection and prevention of ARP cache poisoning},
  author={Tripunitara, Mahesh V and Dutta, Partha},
  booktitle={Proceedings 15th Annual Computer Security Applications Conference (ACSAC'99)},
  pages={303--309},
  year={1999},
  organization={IEEE}
}

@inproceedings{alharbi2016securing,
  title={Securing ARP in software defined networks},
  author={Alharbi, Talal and Durando, Dario and Pakzad, Farzaneh and Portmann, Marius},
  booktitle={2016 IEEE 41st conference on local computer networks (LCN)},
  pages={523--526},
  year={2016},
  organization={IEEE}
}

@article{shah2019mitigating,
  title={Mitigating ARP cache poisoning attack in software-defined networking (SDN): a survey},
  author={Shah, Zawar and Cosgrove, Steve},
  journal={Electronics},
  volume={8},
  number={10},
  pages={1095},
  year={2019},
  publisher={Multidisciplinary Digital Publishing Institute}
}
@inproceedings{nehra2017ficur,
  title={FICUR: Employing SDN programmability to secure ARP},
  author={Nehra, Ajay and Tripathi, Meenakshi and Gaur, Manoj Singh},
  booktitle={2017 IEEE 7th Annual Computing and Communication Workshop and Conference (CCWC)},
  pages={1--8},
  year={2017},
  organization={IEEE}
}

@inproceedings{abdelsalam2015mitigating,
   title={Mitigating ARP spoofing attacks in software-defined networks},
  author={AbdelSalam, Ahmed M and El-Sisi, Ashraf B and Reddy, Vamshi},
  booktitle={International Conference on Computer Theory and Applications (ICCTA)},
  pages={126--131},
  year={2015},
  organization={IEEE}
}

@inproceedings{zaalouk2014orchsec,
  title={OrchSec: An orchestrator-based architecture for enhancing network-security using network monitoring and SDN control functions},
  author={Zaalouk, Adel and Khondoker, Rahamatullah and Marx, Ronald and Bayarou, Kpatcha},
  booktitle={2014 IEEE Network Operations and Management Symposium (NOMS)},
  pages={1--9},
  year={2014},
  organization={IEEE}
}

@inproceedings{dhawan2015sphinx,
  title={SPHINX: detecting security attacks in software-defined networks.},
  author={Dhawan, Mohan and Poddar, Rishabh and Mahajan, Kshiteej and Mann, Vijay},
  booktitle={Network and Distributed System Security Symposium (NDSS)},
  volume={15},
  pages={8--11},
  year={2015}
}

@article{sharma2017distblocknet,
  title={Distblocknet: A distributed blockchains-based secure sdn architecture for iot networks},
  author={Sharma, Pradip Kumar and Singh, Saurabh and Jeong, Young-Sik and Park, Jong Hyuk},
  journal={IEEE Communications Magazine},
  volume={55},
  number={9},
  pages={78--85},
  year={2017},
  publisher={IEEE}
}

@article{sung2016fs,
  title={FS-OpenSecurity: a taxonomic modeling of security threats in SDN for future sustainable computing},
  author={Sung, Yunsick and Sharma, Pradip Kumar and Lopez, Erik Miranda and Park, Jong Hyuk},
  journal={Sustainability},
  volume={8},
  number={9},
  pages={919},
  year={2016},
  publisher={Multidisciplinary Digital Publishing Institute}
}

@inproceedings{jehan2015scalable,
  title={Scalable Ethernet architecture using SDN by suppressing broadcast traffic},
  author={Jehan, Naseela and Haneef, Aneesh M},
  booktitle={2015 Fifth international conference on advances in computing and communications (ICACC)},
  pages={24--27},
  year={2015},
  organization={IEEE}
}

@article{de2015l3,
  title={L3-ARPSec--A Secure Openflow Network Controller Module to control and protect the Address Resolution Protocol},
  author={De Oliveira, R and Shinoda, A and Schweitzer, C and Iope, R and Prete, L},
  journal={Proc. XXXIII Simp{\'o}sio Brasileiro de Telecomunica{\c{c}}{\~o}es},
  pages={1--4},
  year={2015}
}

@inproceedings{balagopal2015netwatch,
  title={NetWatch: Empowering software-defined network switches for packet filtering},
  author={Balagopal, Deepa and Rani, X Agnise Kala},
  booktitle={2015 International conference on applied and theoretical computing and communication technology (iCATccT)},
  pages={837--840},
  year={2015},
  organization={IEEE}
}
@inproceedings{cox2016leveraging,
  title={Leveraging SDN for ARP security},
  author={Cox, Jacob H and Clark, Russell J and Owen, Henry L},
  booktitle={SoutheastCon 2016},
  pages={1--8},
  year={2016},
  organization={IEEE}
}

@article{kreutz2014software,
  title={Software-defined networking: A comprehensive survey},
  author={Kreutz, Diego and Ramos, Fernando MV and Verissimo, Paulo Esteves and Rothenberg, Christian Esteve and Azodolmolky, Siamak and Uhlig, Steve},
  journal={Proceedings of the IEEE},
  volume={103},
  number={1},
  pages={14--76},
  year={2014},
  publisher={Ieee}
}

@inproceedings{sun2020detecting,
  title={Detecting and mitigating ARP attacks in SDN-based cloud environment},
  author={Sun, Sixian and Fu, Xiao and Luo, Bin and Du, Xiaojiang},
  booktitle={IEEE INFOCOM 2020-IEEE Conference on Computer Communications Workshops (INFOCOM WKSHPS)},
  pages={659--664},
  year={2020},
  organization={IEEE}
}

@article{ahmad2021scalability,
  title={Scalability, consistency, reliability and security in SDN controllers: a survey of diverse SDN controllers},
  author={Ahmad, Suhail and Mir, Ajaz Hussain},
  journal={Journal of Network and Systems Management},
  volume={29},
  number={1},
  pages={1--59},
  year={2021},
  publisher={Springer}
}

@article{gude2008nox,
  title={NOX: towards an operating system for networks},
  author={Gude, Natasha and Koponen, Teemu and Pettit, Justin and Pfaff, Ben and Casado, Mart{\'\i}n and McKeown, Nick and Shenker, Scott},
  journal={ACM SIGCOMM computer communication review},
  volume={38},
  number={3},
  pages={105--110},
  year={2008},
  publisher={ACM New York, NY, USA}
}

@article{bannour2017distributed,
  title={Distributed SDN control: Survey, taxonomy, and challenges},
  author={Bannour, Fetia and Souihi, Sami and Mellouk, Abdelhamid},
  journal={IEEE Communications Surveys \& Tutorials},
  volume={20},
  number={1},
  pages={333--354},
  year={2017},
  publisher={IEEE}
}
@article{oktian2017distributed,
  title={Distributed SDN controller system: A survey on design choice},
  author={Oktian, Yustus Eko and Lee, SangGon and Lee, HoonJae and Lam, JunHuy},
  journal={computer networks},
  volume={121},
  pages={100--111},
  year={2017},
  publisher={Elsevier}
}

@techreport{yin-sdn-sdni-00,
	number =	{draft-yin-sdn-sdni-00},
	type =		{Internet-Draft},
	institution =	{Internet Engineering Task Force},
	publisher =	{Internet Engineering Task Force},
	note =		{Work in Progress},
	url =		{https://datatracker.ietf.org/doc/html/draft-yin-sdn-sdni-00},
        author =	{Hongtao Yin and Haiyong Xie and Tina Tsou and Diego R. Lopez and Pedro Andres Aranda and Ron Sidi},
	title =		{{SDNi: A Message Exchange Protocol for Software Defined Networks (SDNS) across Multiple Domains}},
	pagetotal =	14,
	year =		2012,
	month =		jun,
	day =		26,
	abstract =	{This draft proposes a protocol SDNi for the interface between Software Defined Networking (SDN) domains to exchange information between the domain SDN Controllers. It defines the concept of a SDN domain; its need, what are its components and how SDNi helps in inter domain communication.},
}
@article{dalmazo2021systematic,
  title={A systematic review on distributed denial of service attack defense mechanisms in programmable networks},
  author={Dalmazo, Bruno L and Marques, Jonatas A and Costa, Lucas R and Bonfim, Michel S and Carvalho, Ranyelson N and da Silva, Anderson S and Fernandes, Stenio and Bordim, Jacir L and Alchieri, Eduardo and Schaeffer-Filho, Alberto and others},
  journal={International Journal of Network Management},
  volume={31},
  number={6},
  pages={e2163},
  year={2021},
  publisher={Wiley Online Library}
}

@incollection{chahal2021survey,
  title={A Survey of DDoS Defense Mechanisms in Software-Defined Networks (SDN)},
  author={Chahal, Jasmeen Kaur and Bhandari, Abhinav},
  booktitle={Wireless Sensor Networks and the Internet of Things},
  pages={331--341},
  year={2021},
  publisher={Apple Academic Press}
}

@article{balarezo2021survey,
  title={A survey on DoS/DDoS attacks mathematical modelling for traditional, SDN and virtual networks},
  author={Balarezo, Juan Fernando and Wang, Song and Chavez, Karina Gomez and Al-Hourani, Akram and Kandeepan, Sithamparanathan},
  journal={Engineering Science and Technology, an International Journal},
  year={2021},
  publisher={Elsevier}
}

@article{dong2019survey,
  title={A survey on distributed denial of service (DDoS) attacks in SDN and cloud computing environments},
  author={Dong, Shi and Abbas, Khushnood and Jain, Raj},
  journal={IEEE Access},
  volume={7},
  pages={80813--80828},
  year={2019},
  publisher={IEEE}
}

@article{sajjad2009denial,
  title={Denial of Service--The Smurf Attack},
  author={Sajjad, Farhan},
  journal={School of Computer Science University of Windsor},
  volume={401},
  year={2009}
}

 @misc{nicholson_2021, title={Five most famous ddos attacks and then some}, url={https://www.a10networks.com/blog/5-most-famous-ddos-attacks/}, journal={A10 Networks}, author={Nicholson, Paul}, year={2021}, month={Feb}} 
 
 @article{mirkovic2004taxonomy,
  title={A taxonomy of DDoS attack and DDoS defense mechanisms},
  author={Mirkovic, Jelena and Reiher, Peter},
  journal={ACM SIGCOMM Computer Communication Review},
  volume={34},
  number={2},
  pages={39--53},
  year={2004},
  publisher={ACM New York, NY, USA}
}

@inproceedings{lapolli2019offloading,
  title={Offloading real-time DDoS attack detection to programmable data planes},
  author={Lapolli, {\^A}ngelo Cardoso and Marques, Jonatas Adilson and Gaspary, Luciano Paschoal},
  booktitle={2019 IFIP/IEEE Symposium on Integrated Network and Service Management (IM)},
  pages={19--27},
  year={2019},
  organization={IEEE}
}

@article{shannon1948mathematical,
  title={A mathematical theory of communication},
  author={Shannon, Claude Elwood},
  journal={The Bell system technical journal},
  volume={27},
  number={3},
  pages={379--423},
  year={1948},
  publisher={Nokia Bell Labs}
}

@article{kfoury2021exhaustive,
  title={An exhaustive survey on p4 programmable data plane switches: Taxonomy, applications, challenges, and future trends},
  author={Kfoury, Elie F and Crichigno, Jorge and Bou-Harb, Elias},
  journal={IEEE Access},
  volume={9},
  pages={87094--87155},
  year={2021},
  publisher={IEEE}
}

@inproceedings{wang2015floodguard,
  title={Floodguard: A dos attack prevention extension in software-defined networks},
  author={Wang, Haopei and Xu, Lei and Gu, Guofei},
  booktitle={2015 45th Annual IEEE/IFIP International Conference on Dependable Systems and Networks},
  pages={239--250},
  year={2015},
  organization={IEEE}
}
@inproceedings{zhauniarovich2019sorting,
  title={Sorting the garbage: Filtering out DRDoS amplification traffic in ISP networks},
  author={Zhauniarovich, Yury and Dodia, Priyanka},
  booktitle={2019 IEEE Conference on Network Softwarization (NetSoft)},
  pages={142--150},
  year={2019},
  organization={IEEE}
}

@article{gao2018security,
  title={Security threats in the data plane of software-defined networks},
  author={Gao, Shang and Li, Zecheng and Xiao, Bin and Wei, Guiyi},
  journal={IEEE network},
  volume={32},
  number={4},
  pages={108--113},
  year={2018},
  publisher={IEEE}
}

@inproceedings{santoyo2019high,
  title={High-performance, platform-independent DDoS detection for IoT ecosystems},
  author={Santoyo-Gonz{\'a}lez, Alejandro and Cervell{\'o}-Pastor, Cristina and Pezaros, Dimitrios P},
  booktitle={2019 IEEE 44th Conference on Local Computer Networks (LCN)},
  pages={69--75},
  year={2019},
  organization={IEEE}
}

@inproceedings{jouet2017bpfabric,
  title={BPFabric: Data plane programmability for software defined networks},
  author={Jouet, Simon and Pezaros, Dimitrios P},
  booktitle={2017 ACM/IEEE Symposium on Architectures for Networking and Communications Systems (ANCS)},
  pages={38--48},
  year={2017},
  organization={IEEE}
}

@inproceedings{durner2017detecting,
  title={Detecting and mitigating denial of service attacks against the data plane in software defined networks},
  author={Durner, Raphael and Lorenz, Claas and Wiedemann, Michael and Kellerer, Wolfgang},
  booktitle={2017 IEEE Conference on Network Softwarization (NetSoft)},
  pages={1--6},
  year={2017},
  organization={IEEE}
}

@article{xie2018survey,
  title={A survey of machine learning techniques applied to software defined networking (SDN): Research issues and challenges},
  author={Xie, Junfeng and Yu, F Richard and Huang, Tao and Xie, Renchao and Liu, Jiang and Wang, Chenmeng and Liu, Yunjie},
  journal={IEEE Communications Surveys \& Tutorials},
  volume={21},
  number={1},
  pages={393--430},
  year={2018},
  publisher={IEEE}
}



@book{mohammed2016machine,
  title={Machine learning: algorithms and applications},
  author={Mohammed, Mohssen and Khan, Muhammad Badruddin and Bashier, Eihab Bashier Mohammed},
  year={2016},
  publisher={Crc Press}
}

@book{marsland2011machine,
  title={Machine learning: an algorithmic perspective},
  author={Marsland, Stephen},
  year={2011},
  publisher={Chapman and Hall/CRC}
}

 @techreport{jorgesleonel, 
 title={Multilayer-perceptron: MLP in python}, institution={GitHub, {\it Available:} https://github.com/jorgesleonel/Multilayer-Perceptron}, 
 author={Jorge Leonel},
 year={2019}
 } 
 
 @article{garcia2014empirical,
  title={An empirical comparison of botnet detection methods},
  author={Garcia, Sebastian and Grill, Martin and Stiborek, Jan and Zunino, Alejandro},
  journal={computers \& security},
  volume={45},
  pages={100--123},
  year={2014},
  publisher={Elsevier}
}

@inproceedings{zha2019botsifter,
  title={BotSifter: an SDN-based online bot detection framework in data centers},
  author={Zha, Zili and Wang, An and Guo, Yang and Montgomery, Doug and Chen, Songqing},
  booktitle={2019 IEEE Conference on Communications and Network Security (CNS)},
  pages={142--150},
  year={2019},
  organization={IEEE}
}
@article{shiravi2012toward,
  title={Toward developing a systematic approach to generate benchmark datasets for intrusion detection},
  author={Shiravi, Ali and Shiravi, Hadi and Tavallaee, Mahbod and Ghorbani, Ali A},
  journal={computers \& security},
  volume={31},
  number={3},
  pages={357--374},
  year={2012},
  publisher={Elsevier}
}

@article{ahuja2022ascertain,
  title={Ascertain the efficient machine learning approach to detect different ARP attacks},
  author={Ahuja, Nisha and Singal, Gaurav and Mukhopadhyay, Debajyoti and Nehra, Ajay},
  journal={Computers \& Electrical Engineering},
  volume={99},
  pages={107757},
  year={2022},
  publisher={Elsevier}
}

@inproceedings{sudar2021detection,
  title={Detection of Distributed Denial of Service Attacks in SDN using Machine learning techniques},
  author={Sudar, K Muthamil and Beulah, M and Deepalakshmi, P and Nagaraj, P and Chinnasamy, P},
  booktitle={2021 International Conference on Computer Communication and Informatics (ICCCI)},
  pages={1--5},
  year={2021},
  organization={IEEE}
}

@techreport{ozgur2016review,
  title={A review of KDD99 dataset usage in intrusion detection and machine learning between 2010 and 2015},
  author={{\"O}zg{\"u}r, Atilla and Erdem, Hamit},
  year={2016},
  institution={Baskent University, {\it Available:} https://peerj.com/preprints/1954/}
  }
}

@inproceedings{alshamrani2017defense,
  title={A defense system for defeating DDoS attacks in SDN based networks},
  author={Alshamrani, Adel and Chowdhary, Ankur and Pisharody, Sandeep and Lu, Duo and Huang, Dijiang},
  booktitle={Proceedings of the 15th ACM international symposium on mobility management and wireless access},
  pages={83--92},
  year={2017}
}

@article{holz2008measurements,
  title={Measurements and Mitigation of Peer-to-Peer-based Botnets: A Case Study on Storm Worm.},
  author={Holz, Thorsten and Steiner, Moritz and Dahl, Frederic and Biersack, Ernst W and Freiling, Felix C and others},
  journal={Leet},
  volume={8},
  number={1},
  pages={1--9},
  year={2008}
}

@inproceedings{xing2016defense,
  title={A defense mechanism against the DNS amplification attack in SDN},
  author={Xing, Xiaodong and Luo, Tao and Li, Jianfeng and Hu, Yang},
  booktitle={2016 IEEE International Conference on Network Infrastructure and Digital Content (IC-NIDC)},
  pages={28--33},
  year={2016},
  organization={IEEE}
}

@inproceedings{asha2016analysis,
  title={Analysis on botnet detection techniques},
  author={Asha, S and Harsha, T and Soniya, B},
  booktitle={2016 International Conference on Research Advances in Integrated Navigation Systems (RAINS)},
  pages={1--4},
  year={2016},
  organization={IEEE}
}

@article{ichise2020ns,
  title={NS record history based abnormal DNS traffic detection considering adaptive botnet communication blocking},
  author={Ichise, Hikaru and Jin, Yong and Iida, Katsuyoshi and Takai, Yoshiaki},
  journal={Journal of Information Processing},
  volume={28},
  pages={112--122},
  year={2020},
  publisher={Information Processing Society of Japan}
}

@article{zafar2019botnet,
  title={Botnet Detection and Prevention in Software Defined Networks (SDN) using DNS Protocol},
  author={Zafar, Muhammad Junaid and Zubair, Muhammad},
  journal={International Journal of Computer Science and Information Security (IJCSIS)},
  volume={17},
  number={5},
  year={2019}
}

 @misc{ciscopopularitylist,
 title={Cisco Umbrella},
 url={http://s3-us-west-1.amazonaws.com/umbrella-static/index.html},
 note={{Accessed March} 2022}
 } 
 
  @misc{beasley, title={OR-notes}, url={http://people.brunel.ac.uk/~mastjjb/jeb/or/graph.html}, journal={Graph theory}, author={Beasley, J E}
  } 
  
  @article{bosshart2014p4,
  title={P4: Programming protocol-independent packet processors},
  author={Bosshart, Pat and Daly, Dan and Gibb, Glen and Izzard, Martin and McKeown, Nick and Rexford, Jennifer and Schlesinger, Cole and Talayco, Dan and Vahdat, Amin and Varghese, George and others},
  journal={ACM SIGCOMM Computer Communication Review},
  volume={44},
  number={3},
  pages={87--95},
  year={2014},
  publisher={ACM New York, NY, USA}
}

@article{tariq2017machine,
  title={Machine learning based botnet detection in software defined networks},
  author={Tariq, Farhan and Baig, Shamim},
  journal={Int. J. Secur. Appl},
  volume={11},
  number={11},
  pages={1--12},
  year={2017}
}

@inproceedings{letteri2018performance,
  title={Performance of Botnet Detection by Neural Networks in Software-Defined Networks.},
  author={Letteri, Ivan and Del Rosso, Massimo and Caianiello, Pasquale and Cassioli, Dajana},
  booktitle={ITASEC},
  year={2018}
}
@misc {208828,
author = {Subhasree Mandal},
title = {Experience with B4: Google{\textquoteright}s Private {SDN} Backbone},
year = {2015},
address = {Santa Clara, CA},
publisher = {USENIX Association},
month = {july},
}

@inproceedings{nagaraj2021glass,
  title={GLASS: A Graph Learning Approach for Software Defined Network Based Smart Grid DDoS Security},
  author={Nagaraj, Keerthiraj and Starke, Allen and McNair, Janise},
  booktitle={ICC 2021-IEEE International Conference on Communications},
  pages={1--6},
  year={2021},
  organization={IEEE}
}


@inproceedings{starke2019denial,
  title={Denial of Service Detection \& Mitigation Scheme using Responsive Autonomic Virtual Networks (RAvN)},
  author={Starke, Allen and Nie, Zixiang and Hodges, Morgan and Baker, Corey and McNair, Janise},
  booktitle={MILCOM 2019-2019 IEEE Military Communications Conference (MILCOM)},
  pages={1--6},
  year={2019},
  organization={IEEE}
}

@article{wang2013estinet,
  title={EstiNet openflow network simulator and emulator},
  author={Wang, Shie-Yuan and Chou, Chih-Liang and Yang, Chun-Ming},
  journal={IEEE Communications Magazine},
  volume={51},
  number={9},
  pages={110--117},
  year={2013},
  publisher={IEEE}
}

@inproceedings{scott2013sdn,
  title={SDN security: A survey},
  author={Scott-Hayward, Sandra and O'Callaghan, Gemma and Sezer, Sakir},
  booktitle={2013 IEEE SDN For Future Networks and Services (SDN4FNS)},
  pages={1--7},
  year={2013},
  organization={IEEE}
}


@article{scott2015survey,
  title={A survey of security in software defined networks},
  author={Scott-Hayward, Sandra and Natarajan, Sriram and Sezer, Sakir},
  journal={IEEE Communications Surveys \& Tutorials},
  volume={18},
  number={1},
  pages={623--654},
  year={2015},
  publisher={IEEE}
}

@article{dargahi2017survey,
  title={A survey on the security of stateful SDN data planes},
  author={Dargahi, Tooska and Caponi, Alberto and Ambrosin, Moreno and Bianchi, Giuseppe and Conti, Mauro},
  journal={IEEE Communications Surveys \& Tutorials},
  volume={19},
  number={3},
  pages={1701--1725},
  year={2017},
  publisher={IEEE}
}



@article{yurekten2021sdn,
  title={SDN-based cyber defense: A survey},
  author={Yurekten, Ozgur and Demirci, Mehmet},
  journal={Future Generation Computer Systems},
  volume={115},
  pages={126--149},
  year={2021},
  publisher={Elsevier}
}

@article{xiong2021distributed,
  title={A distributed security SDN cluster architecture for smart grid based on blockchain technology},
  author={Xiong, Ao and Tian, Hongkang and He, Wenchen and Zhang, Jie and Meng, Huiping and Guo, Shaoyong and Wang, Xinyan and Wu, Xinyi and Kadoch, Michel},
  journal={Security and Communication Networks},
  volume={2021},
  pages={1--9},
  year={2021},
  publisher={Hindawi Limited}
}

@article{gururaj2023analysis,
  title={Analysis of Preventive Measures Against DDoS Attacks in Smart Grid},
  author={Gururaj, HL and Swathi, BH and Trupti, R and Darshan, Urs R and Rajendra, AB and Paramesha, K},
  journal={Journal of The Institution of Engineers (India): Series B},
  pages={1--7},
  year={2023},
  publisher={Springer}
}

@article{agnew2022implementation,
  title={Implementation Aspects of Smart Grids Cyber-Security Cross-Layered Framework for Critical Infrastructure Operation},
  author={Agnew, Dennis and Aljohani, Nader and Mathieu, Reynold and Boamah, Sharon and Nagaraj, Keerthiraj and McNair, Janise and Bretas, Arturo},
  journal={Applied Sciences},
  volume={12},
  number={14},
  pages={6868},
  year={2022},
  publisher={MDPI}
}

@article{starke2022cross,
  title={Cross-layered distributed data-driven framework for enhanced smart grid cyber-physical security},
  author={Starke, Allen and Nagaraj, Keerthiraj and Ruben, Cody and Aljohani, Nader and Zou, Sheng and Bretas, Arturo and McNair, Janise and Zare, Alina},
  journal={IET Smart Grid},
  volume={5},
  number={6},
  pages={398--416},
  year={2022},
  publisher={Wiley Online Library}
}

@article{dantas2020taxonomy,
  title={A taxonomy of DDoS attack mitigation approaches featured by SDN technologies in IoT scenarios},
  author={Dantas Silva, Felipe S and Silva, Esau and Neto, Emidio P and Lemos, Marcilio and Venancio Neto, Augusto J and Esposito, Flavio},
  journal={Sensors},
  volume={20},
  number={11},
  pages={3078},
  year={2020},
  publisher={Multidisciplinary Digital Publishing Institute}
}

@article{polat2022novel,
  title={A novel approach for accurate detection of the DDoS attacks in SDN-based SCADA systems based on deep recurrent neural networks},
  author={Polat, H{\"u}seyin and T{\"u}rko{\u{g}}lu, Muammer and Polat, Onur and {\c{S}}eng{\"u}r, Abd{\"u}lkadir},
  journal={Expert Systems with Applications},
  volume={197},
  pages={116748},
  year={2022},
  publisher={Elsevier}
}

@article{gururaj2023analysis,
  title={Analysis of Preventive Measures Against DDoS Attacks in Smart Grid},
  author={Gururaj, HL and Swathi, BH and Trupti, R and Darshan, Urs R and Rajendra, AB and Paramesha, K},
  journal={Journal of The Institution of Engineers (India): Series B},
  pages={1--7},
  year={2023},
  publisher={Springer}
}

@article{agnew2022distributed,
  title={Distributed Software-Defined Network Architecture for Smart Grid Resilience to Denial-of-Service Attacks},
  author={Agnew, Dennis and Boamah, Sharon and Mathieu, Reynold and Cooper, Austin and McNair, Janise and Bretas, Arturo},
  journal={arXiv preprint arXiv:2212.09990},
  year={2022}
}



@inproceedings{abdelkhalek2022moving,
  title={Moving target defense routing for SDN-enabled smart grid},
  author={Abdelkhalek, Moataz and Hyder, Burhan and Govindarasu, Manimaran and Rieger, Craig G},
  booktitle={2022 IEEE International Conference on Cyber Security and Resilience (CSR)},
  pages={215--220},
  year={2022},
  organization={IEEE}
}

@article{samir2018pygrid,
  title={PYGRID: a software development and assessment framework for grid-aware software defined networking},
  author={Samir, Mohamed and Azab, Mohamed and Rizk, Mohamed RM and Sadek, Nayera},
  journal={International Journal of Network Management},
  volume={28},
  number={5},
  pages={e2033},
  year={2018},
  publisher={Wiley Online Library}
}

@article{mahmood2021s,
  title={S-DPs: An SDN-based DDoS protection system for smart grids},
  author={Mahmood, Hassan and Mahmood, Danish and Shaheen, Qaisar and Akhtar, Rizwan and Changda, Wang},
  journal={Security and Communication Networks},
  volume={2021},
  pages={1--19},
  year={2021},
  publisher={Hindawi Limited}
}

@inproceedings{zainudin2022towards,
  title={Towards Lightweight Intrusion Identification in SDN-based Industrial Cyber-Physical Systems},
  author={Zainudin, Ahmad and Akter, Rubina and Kim, Dong-Seong and Lee, Jae-Min},
  booktitle={2022 27th Asia Pacific Conference on Communications (APCC)},
  pages={610--614},
  year={2022},
  organization={IEEE}
}
@article{sivaraman2020game,
  title={A game-theoretic approach for enhancing data privacy in sdn-based smart grids},
  author={Sivaraman, Vignesh and Sikdar, Biplab},
  journal={IEEE Internet of Things Journal},
  volume={8},
  number={13},
  pages={10583--10595},
  year={2020},
  publisher={IEEE}
}
@article{azab2022mystify,
  title={“MystifY”: A proactive Moving-Target Defense for a resilient SDN controller in Software Defined CPS},
  author={Azab, Mohamed and Samir, Mohamed and Samir, Effat},
  journal={Computer Communications},
  volume={189},
  pages={205--220},
  year={2022},
  publisher={Elsevier}
}

@article{samir2021sd,
  title={SD-CPC: SDN controller placement camouflage based on stochastic game for moving-target defense},
  author={Samir, Mohamed and Azab, Mohamed and Samir, Effat},
  journal={Computer Communications},
  volume={168},
  pages={75--92},
  year={2021},
  publisher={Elsevier}
}

@inproceedings{lin2019security,
  title={Security function virtualization based moving target defense of SDN-enabled smart grid},
  author={Lin, Gengshen and Dong, Mianxiong and Ota, Kaoru and Li, Jianhua and Yang, Wu and Wu, Jun},
  booktitle={ICC 2019-2019 IEEE International Conference on Communications (ICC)},
  pages={1--6},
  year={2019},
  organization={IEEE}
}

@inproceedings{liu2014optimal,
  title={Optimal VM migration planning for data centers},
  author={Liu, Jiaqiang and Su, Li and Jin, Yuchen and Li, Yong and Jin, Depeng and Zeng, Lieguang},
  booktitle={2014 IEEE Global Communications Conference},
  pages={2332--2337},
  year={2014},
  organization={IEEE}
}
@article{rehmani2019software,
  title={Software defined networks-based smart grid communication: A comprehensive survey},
  author={Rehmani, Mubashir Husain and Davy, Alan and Jennings, Brendan and Assi, Chadi},
  journal={IEEE Communications Surveys \& Tutorials},
  volume={21},
  number={3},
  pages={2637--2670},
  year={2019},
  publisher={IEEE}
}
@inproceedings{sirojan2019embedded,
  title={Embedded edge computing for real-time smart meter data analytics},
  author={Sirojan, Tharmakulasingam and Lu, S and Phung, B Toan and Ambikairajah, Eliathamby},
  booktitle={2019 International Conference on Smart Energy Systems and Technologies (SEST)},
  pages={1--5},
  year={2019},
  organization={IEEE}
}

@article{butt2021recent,
  title={Recent advancement in smart grid technology: Future prospects in the electrical power network},
  author={Butt, Osama Majeed and Zulqarnain, Muhammad and Butt, Tallal Majeed},
  journal={Ain Shams Engineering Journal},
  volume={12},
  number={1},
  pages={687--695},
  year={2021},
  publisher={Elsevier}
}

@article{kong2020review,
  title={A review of quantum key distribution protocols in the perspective of smart grid communication security},
  author={Kong, Peng-Yong},
  journal={IEEE Systems Journal},
  volume={16},
  number={1},
  pages={41--54},
  year={2020},
  publisher={IEEE}
}

@article{kong2020routing,
  title={Routing in communication networks with interdependent power grid},
  author={Kong, Peng-Yong},
  journal={IEEE/ACM Transactions on Networking},
  volume={28},
  number={4},
  pages={1899--1911},
  year={2020},
  publisher={IEEE}
}
@inproceedings{aljohani2022cross,
  title={Cross-Layered Cyber-Physical Power System State Estimation towards a Secure Grid Operation},
  author={Aljohani, Nader and Agnew, Dennis and Nagaraj, Keerthiraj and Boamah, Sharon A and Mathieu, Reynold and Bretas, Arturo S and McNair, Janise and Zare, Alina},
  booktitle={2022 IEEE Power \& Energy Society General Meeting (PESGM)},
  pages={1--5},
  year={2022},
  organization={IEEE}
}

@article{aggarwal2021survey,
  title={A survey on energy trading in the smart grid: Taxonomy, research challenges and solutions},
  author={Aggarwal, Shubhani and Kumar, Neeraj and Tanwar, Sudeep and Alazab, Mamoun},
  journal={IEEE Access},
  volume={9},
  pages={116231--116253},
  year={2021},
  publisher={IEEE}
}
@article{priyadarshini2021identifying,
  title={Identifying cyber insecurities in trustworthy space and energy sector for smart grids},
  author={Priyadarshini, Ishaani and Kumar, Raghvendra and Sharma, Rohit and Singh, Pradeep Kumar and Satapathy, Suresh Chandra},
  journal={Computers \& Electrical Engineering},
  volume={93},
  pages={107204},
  year={2021},
  publisher={Elsevier}
}

@article{kumari2019fog,
  title={Fog computing for smart grid systems in the 5G environment: Challenges and solutions},
  author={Kumari, Aparna and Tanwar, Sudeep and Tyagi, Sudhanshu and Kumar, Neeraj and Obaidat, Mohammad S and Rodrigues, Joel JPC},
  journal={IEEE Wireless Communications},
  volume={26},
  number={3},
  pages={47--53},
  year={2019},
  publisher={IEEE}
}
@article{fan2021restoration,
  title={Restoration of smart grids: Current status, challenges, and opportunities},
  author={Fan, Dongming and Ren, Yi and Feng, Qiang and Liu, Yiliu and Wang, Zili and Lin, Jing},
  journal={Renewable and Sustainable Energy Reviews},
  volume={143},
  pages={110909},
  year={2021},
  publisher={Elsevier}
}

@article{kabbara2022towards,
  title={Towards Software-Defined Protection, Automation, and Control in Power Systems: Concepts, State of the Art, and Future Challenges},
  author={Kabbara, Nadine and Nait Belaid, Mohand Ouamer and Gibescu, Madeleine and Camargo, Luis Ramirez and Cantenot, Jerome and Coste, Thierry and Audebert, Vincent and Morais, Hugo},
  journal={Energies},
  volume={15},
  number={24},
  pages={9362},
  year={2022},
  publisher={MDPI}
}
@inproceedings{ibdah2017security,
  title={On the security of SDN-enabled smartgrid systems},
  author={Ibdah, Duha and Kanani, Maryam and Lachtar, Nada and Allan, Neveen and Al-Duwairi, Basheer},
  booktitle={2017 International Conference on Electrical and Computing Technologies and Applications (ICECTA)},
  pages={1--5},
  year={2017},
  organization={IEEE}
}
@inproceedings{akkaya2015software,
  title={Software defined networking for wireless local networks in smart grid},
  author={Akkaya, Kemal and Uluagac, A Selcuk and Aydeger, Abdullah},
  booktitle={2015 IEEE 40th Local Computer Networks Conference Workshops (LCN Workshops)},
  pages={826--831},
  year={2015},
  organization={IEEE}
}
@article{abujubbeh2019software,
  title={Software-defined wireless sensor networks in smart grids: An overview},
  author={Abujubbeh, Mohammad and Al-Turjman, Fadi and Fahrioglu, Murat},
  journal={Sustainable Cities and Society},
  volume={51},
  pages={101754},
  year={2019},
  publisher={Elsevier}
}

@inproceedings{demirci2018software,
  title={Software-defined networking for improving security in smart grid systems},
  author={Demirci, Sedef and Sagiroglu, Seref},
  booktitle={2018 7th International Conference on Renewable Energy Research and Applications (ICRERA)},
  pages={1021--1026},
  year={2018},
  organization={IEEE}
}
@inproceedings{dorsch2014software,
  title={Software-defined networking for smart grid communications: Applications, challenges and advantages},
  author={Dorsch, Nils and Kurtz, Fabian and Georg, Hanno and H{\"a}gerling, Christian and Wietfeld, Christian},
  booktitle={2014 IEEE international conference on smart grid communications (SmartGridComm)},
  pages={422--427},
  year={2014},
  organization={IEEE}
}
@article{kim2015trends,
  title={Trends and potentials of the smart grid infrastructure: From ICT sub-system to SDN-enabled smart grid architecture},
  author={Kim, Jaebeom and Filali, Fethi and Ko, Young-Bae},
  journal={Applied Sciences},
  volume={5},
  number={4},
  pages={706--727},
  year={2015},
  publisher={MDPI}
}

@inproceedings{ahmed2019survey,
  title={A survey on communication technologies in smart grid},
  author={Ahmed, Sadiq and Gondal, Taimoor Muzaffar and Adil, Muhammad and Malik, Sabeeh Ahmad and Qureshi, Rizwan},
  booktitle={2019 IEEE PES GTD Grand International Conference and Exposition Asia (GTD Asia)},
  pages={7--12},
  year={2019},
  organization={IEEE}
}
@book{azar2021design,
  title={Design, Analysis and Applications of Renewable Energy Systems},
  author={Azar, Ahmad Taher and Kamal, Nashwa Ahmad},
  year={2021},
  publisher={Academic Press}
}
@article{nisar2019survey,
  title={A survey: Architecture, security threats and application of SDN},
  author={Nisar, Kashif and Jimson, Emilia Rosa and Hijazi, MHA and Memon, Shuaib K},
  journal={Journal of Industrial Electronics Technology and Application},
  volume={2},
  number={1},
  pages={64--69},
  year={2019}
}


@article{mckeown2008openflow,
  title={OpenFlow: enabling innovation in campus networks},
  author={McKeown, Nick and Anderson, Tom and Balakrishnan, Hari and Parulkar, Guru and Peterson, Larry and Rexford, Jennifer and Shenker, Scott and Turner, Jonathan},
  journal={ACM SIGCOMM computer communication review},
  volume={38},
  number={2},
  pages={69--74},
  year={2008},
  publisher={ACM New York, NY, USA}
}
@article{zhang2022performance,
  title={Performance evaluation of Software-Defined Network (SDN) controllers using Dijkstra’s algorithm},
  author={Zhang, Yinjun and Chen, Mengji},
  journal={Wireless Networks},
  volume={28},
  number={8},
  pages={3787--3800},
  year={2022},
  publisher={Springer}
}
@article{haji2021comparison,
  title={Comparison of software defined networking with traditional networking},
  author={Haji, Saad H and Zeebaree, SR and Saeed, Rezgar Hasan and Ameen, Siddeeq Y and Shukur, Hanan M and Omar, Naaman and Sadeeq, Mohammed AM and Ageed, Zainab Salih and Ibrahim, Ibrahim Mahmood and Yasin, Hajar Maseeh},
  journal={Asian Journal of Research in Computer Science},
  volume={9},
  number={2},
  pages={1--18},
  year={2021}
}
@article{al2020comprehensive,
  title={A comprehensive survey: Benefits, services, recent works, challenges, security, and use cases for sdn-vanet},
  author={Al-Heety, Othman S and Zakaria, Zahriladha and Ismail, Mahamod and Shakir, Mohammed Mudhafar and Alani, Sameer and Alsariera, Hussein},
  journal={IEEE Access},
  volume={8},
  pages={91028--91047},
  year={2020},
  publisher={IEEE}
}
@article{chahlaoui2020taxonomy,
  title={A taxonomy of load balancing mechanisms in centralized and distributed SDN architectures},
  author={Chahlaoui, Farah and Dahmouni, Hamza},
  journal={SN Computer Science},
  volume={1},
  number={5},
  pages={268},
  year={2020},
  publisher={Springer}
}
@article{alsaeedi2019toward,
  title={Toward adaptive and scalable OpenFlow-SDN flow control: A survey},
  author={Alsaeedi, Mohammed and Mohamad, Mohd Murtadha and Al-Roubaiey, Anas A},
  journal={IEEE Access},
  volume={7},
  pages={107346--107379},
  year={2019},
  publisher={IEEE}
}


@article{haggag2019network,
  title={Network optimization for improved performance and speed for SDN and security analysis of SDN vulnerabilities},
  author={Haggag, Ayman},
  journal={International Journal of Computer Networks and Communications Security},
  volume={7},
  number={5},
  pages={83--90},
  year={2019},
  publisher={Dorma Trading, Est. Publishing Manager}
}

@article{haggag2021network,
  title={Network Performance and Security Analysis of Software Defined Networking},
  author={Haggag, Ayman and Hanafy, Dalia},
  journal={International Journal of Scientific Research in Computer Science and Engineering},
  volume={9},
  number={6},
  pages={41--47},
  year={2021}
}
@article{ahmed2019detection,
  title={Detection and prevention of DDoS attacks on software defined networks controllers for smart grid},
  author={Ahmed, Zohaib and Afaqui, Naokhaiz and Humayan, O},
  journal={International Journal of Computer Applications},
  volume={975},
  pages={8887},
  year={2019}
}

@article{santos2020machine,
  title={Machine learning algorithms to detect DDoS attacks in SDN},
  author={Santos, Reneilson and Souza, Danilo and Santo, Walter and Ribeiro, Admilson and Moreno, Edward},
  journal={Concurrency and Computation: Practice and Experience},
  volume={32},
  number={16},
  pages={e5402},
  year={2020},
  publisher={Wiley Online Library}
}
@article{maleh2022comprehensive,
  title={A comprehensive survey on SDN security: threats, mitigations, and future directions},
  author={Maleh, Yassine and Qasmaoui, Youssef and El Gholami, Khalid and Sadqi, Yassine and Mounir, Soufyane},
  journal={Journal of Reliable Intelligent Environments},
  pages={1--39},
  year={2022},
  publisher={Springer}
}
@article{sultana2019survey,
  title={Survey on SDN based network intrusion detection system using machine learning approaches},
  author={Sultana, Nasrin and Chilamkurti, Naveen and Peng, Wei and Alhadad, Rabei},
  journal={Peer-to-Peer Networking and Applications},
  volume={12},
  pages={493--501},
  year={2019},
  publisher={Springer}
}
@article{BHARDWAJ2022100580,
title = {Network intrusion detection in software defined networking with self-organized constraint-based intelligent learning framework},
author = {Anurag Bhardwaj and Ritu Tyagi and Neha Sharma and Akhilendra Khare and Manbir Singh Punia and Vikash Kumar Garg},
journal = {Measurement: Sensors},
volume = {24},
year = {2022},
issn = {2665-9174},
doi = {https://doi.org/10.1016/j.measen.2022.100580},
url = {https://www.sciencedirect.com/science/article/pii/S2665917422002148},
}
@Article{info10030106,
AUTHOR = {Manso, Pedro and Moura, José and Serrão, Carlos},
TITLE = {SDN-Based Intrusion Detection System for Early Detection and Mitigation of DDoS Attacks},
JOURNAL = {Information},
VOLUME = {10},
YEAR = {2019},
NUMBER = {3},
ARTICLE-NUMBER = {106},
URL = {https://www.mdpi.com/2078-2489/10/3/106},
ISSN = {2078-2489},
DOI = {10.3390/info10030106}
}
@inproceedings{jung2019anomaly,
  title={Anomaly Detection in Smart Grids based on Software Defined Networks.},
  author={Jung, Oliver and Smith, Paul and Magin, Julian and Reuter, Lenhard},
  booktitle={SMARTGREENS},
  pages={157--164},
  year={2019}
}
@article{rahman2022integration,
  title={On the Integration of Blockchain and SDN: Overview, Applications, and Future Perspectives},
  author={Rahman, Anichur and Montieri, Antonio and Kundu, Dipanjali and Karim, Md Razaul and Islam, Md Jahidul and Umme, Sara and Nascita, Alfredo and Pescap{\'e}, Antonio},
  journal={Journal of Network and Systems Management},
  volume={30},
  number={4},
  pages={73},
  year={2022},
  publisher={Springer}
}



@article{rathore2022review,
  title={Review of game theory approaches for DDoS mitigation by SDN},
  author={Rathore, Shivani and Bhandari, Abhinav},
  journal={Proceedings of the Indian National Science Academy},
  volume={88},
  number={4},
  pages={634--650},
  year={2022},
  publisher={Springer}
}
@article{cho2020toward,
  title={Toward proactive, adaptive defense: A survey on moving target defense},
  author={Cho, Jin-Hee and Sharma, Dilli P and Alavizadeh, Hooman and Yoon, Seunghyun and Ben-Asher, Noam and Moore, Terrence J and Kim, Dong Seong and Lim, Hyuk and Nelson, Frederica F},
  journal={IEEE Communications Surveys \& Tutorials},
  volume={22},
  number={1},
  pages={709--745},
  year={2020},
  publisher={IEEE}
}
@article{lv2019optimizing,
  title={An optimizing and differentially private clustering algorithm for mixed data in SDN-based smart grid},
  author={Lv, Zefang and Wang, Lirong and Guan, Zhitao and Wu, Jun and Du, Xiaojiang and Zhao, Hongtao and Guizani, Mohsen},
  journal={IEEE access},
  volume={7},
  pages={45773--45782},
  year={2019},
  publisher={IEEE}
}
@article{mollah2020blockchain,
  title={Blockchain for future smart grid: A comprehensive survey},
  author={Mollah, Muhammad Baqer and Zhao, Jun and Niyato, Dusit and Lam, Kwok-Yan and Zhang, Xin and Ghias, Amer MYM and Koh, Leong Hai and Yang, Lei},
  journal={IEEE Internet of Things Journal},
  volume={8},
  number={1},
  pages={18--43},
  year={2020},
  publisher={IEEE}
}
@article{Khraisat2019SurveyOI,
  title={Survey of intrusion detection systems: techniques, datasets and challenges},
  author={Ansam Khraisat and Iqbal Gondal and Peter Vamplew and Joarder Kamruzzaman},
  journal={Cybersecurity},
  year={2019},
  volume={2}
}
@INPROCEEDINGS{9664737,
  author={Hnamte, Vanlalruata and Hussain, Jamal},
  booktitle={2021 3rd International Conference on Electrical, Control and Instrumentation Engineering (ICECIE)}, 
  title={An Extensive Survey on Intrusion Detection Systems: Datasets and Challenges for Modern Scenario}, 
  year={2021},
  volume={},
  number={},
  pages={1-10},
  doi={10.1109/ICECIE52348.2021.9664737}
  }
  @INPROCEEDINGS{9843645,
  author={El Houda, Zakaria Abou and Brik, Bouziane and Khoukhi, Lyes},
  booktitle={2022 IEEE 47th Conference on Local Computer Networks (LCN)}, 
  title={Ensemble Learning for Intrusion Detection in SDN-Based Zero Touch Smart Grid Systems}, 
  year={2022},
  volume={},
  number={},
  pages={149-156},
  doi={10.1109/LCN53696.2022.9843645}
  }
@article{haleplidis2015network,
  title={Network programmability with ForCES},
  author={Haleplidis, Evangelos and Salim, Jamal Hadi and Halpern, Joel M and Hares, Susan and Pentikousis, Kostas and Ogawa, Kentaro and Wang, Weiming and Denazis, Spyros and Koufopavlou, Odysseas},
  journal={IEEE Communications Surveys \& Tutorials},
  volume={17},
  number={3},
  pages={1423--1440},
  year={2015},
  publisher={IEEE}
}

@techreport{vasseur2009path,
  title={Path computation element (PCE) communication protocol (PCEP)},
  author={Vasseur, Jean Philippe and Le Roux, Jean Louis},
  year={2009}
}

@techreport{enns2006netconf,
  title={NETCONF configuration protocol},
  author={Enns, Rob},
  year={2006}
}
@article{huston2001analyzing,
  title={Analyzing the Internet’s BGP routing table},
  author={Huston, Geoff},
  journal={The Internet Protocol Journal},
  volume={4},
  number={1},
  pages={2--15},
  year={2001}
}
@article{hares2013software,
  title={Software-defined networks and the interface to the routing system (I2RS)},
  author={Hares, Susan and White, Russ},
  journal={IEEE Internet Computing},
  volume={17},
  number={4},
  pages={84--88},
  year={2013},
  publisher={IEEE}
}
@inproceedings{hinrichs2009practical,
  title={Practical declarative network management},
  author={Hinrichs, Timothy L and Gude, Natasha S and Casado, Martin and Mitchell, John C and Shenker, Scott},
  booktitle={Proceedings of the 1st ACM workshop on Research on enterprise networking},
  pages={1--10},
  year={2009}
}
@inproceedings{voellmy2012procera,
  title={Procera: A language for high-level reactive network control},
  author={Voellmy, Andreas and Kim, Hyojoon and Feamster, Nick},
  booktitle={Proceedings of the first workshop on Hot topics in software defined networks},
  pages={43--48},
  year={2012}
}
@article{foster2011frenetic,
  title={Frenetic: A network programming language},
  author={Foster, Nate and Harrison, Rob and Freedman, Michael J and Monsanto, Christopher and Rexford, Jennifer and Story, Alec and Walker, David},
  journal={ACM Sigplan Notices},
  volume={46},
  number={9},
  pages={279--291},
  year={2011},
  publisher={ACM New York, NY, USA}
}
@inproceedings{zhou2014rest,
  title={REST API design patterns for SDN northbound API},
  author={Zhou, Wei and Li, Li and Luo, Min and Chou, Wu},
  booktitle={2014 28th international conference on advanced information networking and applications workshops},
  pages={358--365},
  year={2014},
  organization={IEEE}
}


@inproceedings{tootoonchian2010hyperflow,
  title={Hyperflow: A distributed control plane for openflow},
  author={Tootoonchian, Amin and Ganjali, Yashar},
  booktitle={Proceedings of the 2010 internet network management conference on Research on enterprise networking},
  volume={3},
  pages={10--5555},
  year={2010}
}

@inproceedings{humernbrum2014using,
  title={Using software-defined networking for real-time internet applications},
  author={Humernbrum, Tim and Glinka, Frank and Gorlatch, Sergei},
  booktitle={Proceedings of the International Multi-conference of Engineers and Computer Scientists},
  volume={1},
  year={2014},
  organization={IET, Limerick Ireland}
}
  @INPROCEEDINGS{Peng,
  author={Pengpeng, Ding and Jinguo, Li and Liangliang, Wang and Mi Wen, Yuyao Guan},
  booktitle={Security and Communication Networks}, 
  title={HYBRID-CNN: An Efficient Scheme for Abnormal Flow Detection in the SDN-Based Smart Grid}, 
  year={2020},
  volume={},
  number={},
  pages={20},
  doi={https://doi.org/10.1155/2020/8850550}
  }
  @ARTICLE{10017381,
  author={Presekal, Alfan and Ştefanov, Alexandru and Rajkumar, Vetrivel S. and Palensky, Peter},
  journal={IEEE Transactions on Smart Grid}, 
  title={Attack Graph Model for Cyber-Physical Power Systems using Hybrid Deep Learning}, 
  year={2023},
  volume={},
  number={},
  pages={1-1},
  doi={10.1109/TSG.2023.3237011}
  }
  @InProceedings{10.1007/978-3-030-02931-9_7,
author="Starke, Allen
and McNair, Janise
and Trevizan, Rodrigo
and Bretas, Arturo
and Peeples, Joshua
and Zare, Alina",
editor="Chowdhury, Kaushik Roy
and Di Felice, Marco
and Matta, Ibrahim
and Sheng, Bo",
title="Toward Resilient Smart Grid Communications Using Distributed SDN with ML-Based Anomaly Detection",
booktitle="Wired/Wireless Internet Communications",
year="2018",
publisher="Springer International Publishing",
address="Cham",
pages="83--94",
isbn="978-3-030-02931-9"
}
@ARTICLE{8746112,
  author={Niazi, Rumaisa Aimen and Faheem, Yasir},
  journal={IEEE Access}, 
  title={A Bayesian Game-Theoretic Intrusion Detection System for Hypervisor-Based Software Defined Networks in Smart Grids}, 
  year={2019},
  volume={7},
  number={},
  pages={88656-88672},
  doi={10.1109/ACCESS.2019.2924968}
  }
  @INPROCEEDINGS{9210368,
  author={Malek, Zakiyabanu S. and Trivedi, Bhushan and Shah, Axita},
  booktitle={2020 Fourth World Conference on Smart Trends in Systems, Security and Sustainability (WorldS4)}, 
  title={User behavior Pattern-Signature based Intrusion Detection}, 
  year={2020},
  volume={},
  number={},
  pages={549-552},
  doi={10.1109/WorldS450073.2020.9210368}
  }
  @INPROCEEDINGS{8365396,
  author={Ombase, Prajakta M. and Kulkarni, Nayana P. and Bagade, Sudhir T. and Mhaisgawali, Amrapali V.},
  booktitle={2017 International Conference on Inventive Computing and Informatics (ICICI)}, 
  title={DoS attack mitigation using rule based and anomaly based techniques in software defined networking}, 
  year={2017},
  volume={},
  number={},
  pages={469-475},
  doi={10.1109/ICICI.2017.8365396}
  }
@Article{iasc.2023.026769,
AUTHOR = {G. Logeswari, S. Bose, T. Anitha},
TITLE = {An Intrusion Detection System for SDN Using Machine Learning},
JOURNAL = {Intelligent Automation \& Soft Computing},
VOLUME = {35},
YEAR = {2023},
NUMBER = {1},
PAGES = {867--880},
URL = {http://www.techscience.com/iasc/v35n1/48147},
ISSN = {2326-005X},
DOI = {10.32604/iasc.2023.026769}
}


@incollection{sharma2023toward,
  title={Toward Security in Software-Defined Networks with Trust and Monitoring},
  author={Sharma, Gaurav and Gawade, Sushopti},
  booktitle={Holistic Approach to Quantum Cryptography in Cyber Security},
  pages={1--22},
  year={2023},
  publisher={CRC Press}
}

@article{zhijun2020low,
  title={Low-rate DoS attacks, detection, defense, and challenges: a survey},
  author={Zhijun, Wu and Wenjing, Li and Liang, Liu and Meng, Yue},
  journal={IEEE access},
  volume={8},
  pages={43920--43943},
  year={2020},
  publisher={IEEE}
}



@inproceedings{mutaher2021security,
  title={Security-enhanced SDN controller based Kerberos authentication protocol},
  author={Mutaher, Hamza and Kumar, Pradeep},
  booktitle={2021 11th International Conference on Cloud Computing, Data Science \& Engineering (Confluence)},
  pages={672--677},
  year={2021},
  organization={IEEE}
}

@inproceedings{cabaj2018sdn,
  title={Sdn-based mitigation of scanning attacks for the 5g internet of radio light system},
  author={Cabaj, Krzysztof and Gregorczyk, Marcin and Mazurczyk, Wojciech and Nowakowski, Piotr and {\.Z}{\'o}rawski, Piotr},
  booktitle={Proceedings of the 13th International Conference on Availability, Reliability and Security},
  pages={1--10},
  year={2018}
}

@article{hsieh2018detection,
  title={Detection of gray hole attack in software defined networks},
  author={Hsieh, Yi-Ting and Ku, Cheng-Yuan},
  year={2018}
}

@article{wu2017low,
  title={Low-rate DoS attack flows filtering based on frequency spectral analysis},
  author={Wu, Zhijun and Wang, Minxiao and Yan, Changcan and Yue, Meng},
  journal={China Communications},
  volume={14},
  number={6},
  pages={98--112},
  year={2017},
  publisher={IEEE}
}

@article{zhang2010rred,
  title={RRED: robust RED algorithm to counter low-rate denial-of-service attacks},
  author={Zhang, Changwang and Yin, Jianping and Cai, Zhiping and Chen, Weifeng},
  journal={IEEE Communications Letters},
  volume={14},
  number={5},
  pages={489--491},
  year={2010},
  publisher={IEEE}
}

@inproceedings{kuzmanovic2003low,
  title={Low-rate TCP-targeted denial of service attacks: the shrew vs. the mice and elephants},
  author={Kuzmanovic, Aleksandar and Knightly, Edward W},
  booktitle={Proceedings of the 2003 conference on Applications, technologies, architectures, and protocols for computer communications},
  pages={75--86},
  year={2003}
}

@article{liu2011q,
  title={A Q-learning based real-time mitigating mechanism against LDoS attack and its modeling and simulation with CPN},
  author={Liu, T and He, YX and Xiong, Q},
  journal={J. Comput. Res. Develop.},
  volume={48},
  number={3},
  pages={432--439},
  year={2011}
}

@inproceedings{wang2019sdn,
  title={SDN-based hybrid honeypot for attack capture},
  author={Wang, He and Wu, Bin},
  booktitle={2019 IEEE 3rd Information Technology, Networking, Electronic and Automation Control Conference (ITNEC)},
  pages={1602--1606},
  year={2019},
  organization={IEEE}
}



@article{du2019sdn,
  title={An SDN-enabled pseudo-honeypot strategy for distributed denial of service attacks in industrial Internet of Things},
  author={Du, Miao and Wang, Kun},
  journal={IEEE Transactions on Industrial Informatics},
  volume={16},
  number={1},
  pages={648--657},
  year={2019},
  publisher={IEEE}
}



@inproceedings{shafi2019ddos,
  title={DDoS botnet prevention using blockchain in software defined internet of things},
  author={Shafi, Qaisar and Basit, Abdul},
  booktitle={2019 16th international Bhurban conference on applied sciences and technology (IBCAST)},
  pages={624--628},
  year={2019},
  organization={IEEE}
}

@article{sanjeetha2021detection,
  title={Detection and mitigation of botnet based DDoS attacks using catboost machine learning algorithm in SDN environment},
  author={Sanjeetha, R and Raj, Anant and Saivenu, Kolli and Ahmed, Mumtaz Irteqa and Sathvik, B and Kanavalli, Anita},
  journal={International Journal of Advanced Technology and Engineering Exploration},
  volume={8},
  number={76},
  pages={445},
  year={2021},
  publisher={Accent Social and Welfare Society}
}



@article{ieracitano2020novel,
  title={A novel statistical analysis and autoencoder driven intelligent intrusion detection approach},
  author={Ieracitano, Cosimo and Adeel, Ahsan and Morabito, Francesco Carlo and Hussain, Amir},
  journal={Neurocomputing},
  volume={387},
  pages={51--62},
  year={2020},
  publisher={Elsevier}
}

@article{nguyen2020genetic,
  title={Genetic convolutional neural network for intrusion detection systems},
  author={Nguyen, Minh Tuan and Kim, Kiseon},
  journal={Future Generation Computer Systems},
  volume={113},
  pages={418--427},
  year={2020},
  publisher={Elsevier}
}
@article{li2016survey,
  title={A survey on OpenFlow-based Software Defined Networks: Security challenges and countermeasures},
  author={Li, Wenjuan and Meng, Weizhi and Kwok, Lam For},
  journal={Journal of Network and Computer Applications},
  volume={68},
  pages={126--139},
  year={2016},
  publisher={Elsevier}
}


@article{derhab2019blockchain,
  title={Blockchain and random subspace learning-based IDS for SDN-enabled industrial IoT security},
  author={Derhab, Abdelouahid and Guerroumi, Mohamed and Gumaei, Abdu and Maglaras, Leandros and Ferrag, Mohamed Amine and Mukherjee, Mithun and Khan, Farrukh Aslam},
  journal={Sensors},
  volume={19},
  number={14},
  pages={3119},
  year={2019},
  publisher={MDPI}
}

@article{gurung2020survey,
  title={A survey of black-hole attack mitigation techniques in MANET: merits, drawbacks, and suitability},
  author={Gurung, Shashi and Chauhan, Siddhartha},
  journal={Wireless Networks},
  volume={26},
  pages={1981--2011},
  year={2020},
  publisher={Springer}
}
@article{kalkha2019preventing,
  title={Preventing black hole attack in wireless sensor network using HMM},
  author={Kalkha, Hanane and Satori, Hassan and Satori, Khalid},
  journal={Procedia computer science},
  volume={148},
  pages={552--561},
  year={2019},
  publisher={Elsevier}
}



@article{shukla2021mitigate,
  title={Mitigate wormhole attack and blackhole attack using elliptic curve cryptography in MANET},
  author={Shukla, Mukul and Joshi, Brijendra Kumar and Singh, Upendra},
  journal={Wireless Personal Communications},
  volume={121},
  pages={503--526},
  year={2021},
  publisher={Springer}
}

@article{kumar2021black,
  title={Black hole attack detection in vehicular ad-hoc network using secure AODV routing algorithm},
  author={Kumar, Ankit and Varadarajan, Vijayakumar and Kumar, Abhishek and Dadheech, Pankaj and Choudhary, Surendra Singh and Kumar, VD Ambeth and Panigrahi, Bijaya Ketan and Veluvolu, Kalyana C},
  journal={Microprocessors and Microsystems},
  volume={80},
  pages={103352},
  year={2021},
  publisher={Elsevier}
}

@article{shi2014cluster,
  title={A cluster-based countermeasure against blackhole attacks in MANETs},
  author={Shi, Fei and Liu, Weijie and Jin, Dongxu and Song, Jooseok},
  journal={Telecommunication Systems},
  volume={57},
  pages={119--136},
  year={2014},
  publisher={Springer}
}

@inproceedings{katal2013cluster,
  title={A cluster based detection and prevention mechanism against novel datagram chunk dropping attack in MANET multimedia transmission},
  author={Katal, Avita and Wazid, Mohammad and Goudar, RH and Singh, DP},
  booktitle={2013 IEEE Conference on Information \& Communication Technologies},
  pages={479--484},
  year={2013},
  organization={IEEE}
}

@inproceedings{gruebler2015intrusion,
  title={An intrusion detection system against black hole attacks on the communication network of self-driving cars},
  author={Gruebler, Anna and McDonald-Maier, Klaus D and Alheeti, Khattab M Ali},
  booktitle={2015 sixth international conference on emerging security technologies (EST)},
  pages={86--91},
  year={2015},
  organization={IEEE}
}

@article{gite2021ml,
  title={ML Based Intrusion Detection Scheme for various types of attacks in a WSN using C4. 5 and CART classifiers},
  author={Gite, Pratik and Chouhan, Kuldeep and Krishna, K Murali and Nayak, Chinmaya Kumar and Soni, Mukesh and Shrivastava, Amit},
  journal={Materials Today: Proceedings},
  year={2021},
  publisher={Elsevier}
}

@article{keerthika2019mitigate,
  title={Mitigate black hole attack using hybrid bee optimized weighted trust with 2-Opt AODV in MANET},
  author={Keerthika, V and Malarvizhi, Nandagopal},
  journal={Wireless Personal Communications},
  volume={106},
  pages={621--632},
  year={2019},
  publisher={Springer}
}

@inproceedings{naveena2020analysis,
  title={Analysis and countermeasures of black-hole attack in manet by employing trust-based routing},
  author={Naveena, S and Senthilkumar, C and Manikandan, T},
  booktitle={2020 6th international conference on advanced computing and communication systems (ICACCS)},
  pages={1222--1227},
  year={2020},
  organization={IEEE}
}

@article{singh2018entropy,
  title={Entropy-based electricity theft detection in AMI network},
  author={Singh, Sandeep Kumar and Bose, Ranjan and Joshi, Anupam},
  journal={IET Cyber-Physical Systems: Theory \& Applications},
  volume={3},
  number={2},
  pages={99--105},
  year={2018},
  publisher={Wiley Online Library}
}




@inproceedings{aljohanicross,
  title={Cross-Layered Cyber-Physical Power System State Estimation towards a Secure Grid Operation},
  author={Aljohani, Nader and Agnew, Dennis and Nagaraj, Keerthiraj and Boamah, Sharon A and Mathieu, Reynold and Bretas, Arturo S and McNair, Janise and Zare, Alina},
  booktitle={2022 IEEE Power \& Energy Society General Meeting (PESGM)},
  pages={1--5},
  year={2022},
  organization={IEEE}
}
@article{nagaraj2020ensemble,
  title={Ensemble CorrDet with adaptive statistics for bad data detection},
  author={Nagaraj, Keerthiraj and Zou, Sheng and Ruben, Cody and Dhulipala, Surya and Starke, Allen and Bretas, Arturo and Zare, Alina and McNair, Janise},
  journal={IET Smart Grid},
  volume={3},
  number={5},
  pages={572--580},
  year={2020},
  publisher={Wiley Online Library}
}

@inproceedings{trevizan2019data,
  title={Data-driven physics-based solution for false data injection diagnosis in smart grids},
  author={Trevizan, Rodrigo D and Ruben, Cody and Nagaraj, Keerthiraj and Ibukun, Layiwola L and Starke, Allen C and Bretas, Arturo S and McNair, Janise and Zare, Alina},
  booktitle={2019 IEEE Power \& Energy Society General Meeting (PESGM)},
  pages={1--5},
  year={2019},
  organization={IEEE}
}

@article{ruben2020hybrid,
  title={Hybrid data-driven physics model-based framework for enhanced cyber-physical smart grid security},
  author={Ruben, Cody and Dhulipala, Surya and Nagaraj, Keerthiraj and Zou, Sheng and Starke, Allen and Bretas, Arturo and Zare, Alina and McNair, Janise},
  journal={IET Smart Grid},
  volume={3},
  number={4},
  pages={445--453},
  year={2020},
  publisher={Wiley Online Library}
}

@article{dabbagchi1993power,
  title={Power systems test case archive},
  author={Dabbagchi, Iraj and Christie, R},
  journal={University of Washington},
  year={1993}
}
@inproceedings{berde2014onos,
  title={ONOS: towards an open, distributed SDN OS},
  author={Berde, Pankaj and Gerola, Matteo and Hart, Jonathan and Higuchi, Yuta and Kobayashi, Masayoshi and Koide, Toshio and Lantz, Bob and O'Connor, Brian and Radoslavov, Pavlin and Snow, William and others},
  booktitle={Proceedings of the third workshop on Hot topics in software defined networking},
  pages={1--6},
  year={2014}
}

@inproceedings{kaur2014network,
  title={Network programmability using POX controller},
  author={Kaur, Sukhveer and Singh, Japinder and Ghumman, Navtej Singh},
  booktitle={ICCCS International conference on communication, computing \& systems, IEEE},
  volume={138},
  pages={70},
  year={2014},
  organization={sn}
}
@article{cokic2019software,
  title={Software defined network management for dynamic smart GRID traffic},
  author={Cokic, Mita and Seskar, Ivan},
  journal={Future Generation Computer Systems},
  volume={96},
  pages={270--282},
  year={2019},
  publisher={Elsevier}
}


@article{riley2010ns,
  title={The ns-3 network simulator},
  author={Riley, George F and Henderson, Thomas R},
  journal={Modeling and tools for network simulation},
  pages={15--34},
  year={2010},
  publisher={Springer}
}

@inproceedings{de2014using,
  title={Using mininet for emulation and prototyping software-defined networks},
  author={De Oliveira, Rog{\'e}rio Le{\~a}o Santos and Schweitzer, Christiane Marie and Shinoda, Ailton Akira and Prete, Ligia Rodrigues},
  booktitle={2014 IEEE Colombian conference on communications and computing (COLCOM)},
  pages={1--6},
  year={2014},
  organization={Ieee}
}

@article{aujla2019drops,
  title={DROpS: A demand response optimization scheme in SDN-enabled smart energy ecosystem},
  author={Aujla, Gagangeet Singh and Garg, Sahil and Batra, Shalini and Kumar, Neeraj and You, Ilsun and Sharma, Vishal},
  journal={Information Sciences},
  volume={476},
  pages={453--473},
  year={2019},
  publisher={Elsevier}
}

@article{daskalakis2009complexity,
  title={The complexity of computing a Nash equilibrium},
  author={Daskalakis, Constantinos and Goldberg, Paul W and Papadimitriou, Christos H},
  journal={Communications of the ACM},
  volume={52},
  number={2},
  pages={89--97},
  year={2009},
  publisher={ACM New York, NY, USA}
}

@misc{pstca2018,
  title = {Power Systems Test Case Archive},
  year = {2018},
  howpublished = {\url{http://labs.ece.uw.edu/pstca/}}
}

@inproceedings{alveyzarecook2016,
  title={Adaptive coherence estimator (ace) for explosive hazard detection using wideband electromagnetic induction (wemi)},
  author={Alvey, Brendan and Zare, Alina and Cook, Matthew and Ho, Dominic KC},
  booktitle={Detection and Sensing of Mines, Explosive Objects, and Obscured Targets XXI},
  volume={9823},
  pages={982309},
  year={2016},
  organization={International Society for Optics and Photonics}
}
@article{hahn2011cyber,
  title={Cyber attack exposure evaluation framework for the smart grid},
  author={Hahn, Adam and Govindarasu, Manimaran},
  journal={IEEE Transactions on Smart Grid},
  volume={2},
  number={4},
  pages={835--843},
  year={2011},
  publisher={IEEE}
}
@inproceedings{pedramnia2018survey,
  title={Survey of DoS Attacks on LTE infrastructure used in AMI System and Countermeasures},
  author={Pedramnia, Kiyana and Rahmani, Masoomeh},
  booktitle={2018 Smart Grid Conference (SGC)},
  pages={1--6},
  year={2018},
  organization={IEEE}
}
@article{lee2020study,
  title={A Study on the Application of Cross-Certification Technology for the Automatic Authentication of Charging Users in ISO 15118 Standard},
  author={Lee, Sujeong and Shin, Minho and Jang, Hyuk-soo},
  journal={The Journal of Society for e-Business Studies},
  volume={25},
  number={2},
  pages={1--14},
  year={2020},
  publisher={Society for e-Business Studies}
}



@article{baig2013analysis,
  title={An Analysis of Smart Grid Attacks and Countermeasures.},
  author={Baig, Zubair A and Amoudi, Abdul-Raoof},
  journal={J. Commun.},
  volume={8},
  number={8},
  pages={473--479},
  year={2013}
}
@article{farokhi2020review,
  title={Review of results on smart-meter privacy by data manipulation, demand shaping, and load scheduling},
  author={Farokhi, Farhad},
  journal={IET Smart Grid},
  volume={3},
  number={5},
  pages={605--613},
  year={2020},
  publisher={Wiley Online Library}
}
@article{musleh2019survey,
  title={A survey on the detection algorithms for false data injection attacks in smart grids},
  author={Musleh, Ahmed S and Chen, Guo and Dong, Zhao Yang},
  journal={IEEE Transactions on Smart Grid},
  volume={11},
  number={3},
  pages={2218--2234},
  year={2019},
  publisher={IEEE}
}
@article{duan2016resilient,
  title={Resilient distributed DC optimal power flow against data integrity attack},
  author={Duan, Jie and Zeng, Wente and Chow, Mo-Yuen},
  journal={IEEE Transactions on Smart Grid},
  volume={9},
  number={4},
  pages={3543--3552},
  year={2016},
  publisher={IEEE}
}
@inproceedings{chung2017local,
  title={Local cyber-physical attack with leveraging detection in smart grid},
  author={Chung, Hwei-Ming and Li, Wen-Tai and Yuen, Chau and Chung, Wei-Ho and Wen, Chao-Kai},
  booktitle={2017 IEEE International Conference on Smart Grid Communications (SmartGridComm)},
  pages={461--466},
  year={2017},
  organization={IEEE}
}

@inproceedings{jiang2017real,
  title={Real-time detection of false data injection attack using residual prewhitening in smart grid network},
  author={Jiang, Qiaomu and Chen, Huifang and Xie, Lei and Wang, Kuang},
  booktitle={2017 IEEE International Conference on Smart Grid Communications (SmartGridComm)},
  pages={83--88},
  year={2017},
  organization={IEEE}
}
@article{srivastava2021emerging,
  title={Emerging technology IoT and OT: overview, security threats, attacks and countermeasures},
  author={Srivastava, Aman and Agarwal, Ankita},
  journal={IJERT},
  volume={10},
  number={7},
  pages={86--93},
  year={2021}
}

@inproceedings{feher2020smart,
  title={Smart meter data compression using generalized deduplication},
  author={Feh{\'e}r, Marcell and Yazdani, Niloofar and Hansen, Morten Tranberg and Vester, Flemming Enevold and Lucani, Daniel E},
  booktitle={GLOBECOM 2020-2020 IEEE Global Communications Conference},
  pages={1--6},
  year={2020},
  organization={IEEE}
}
@article{bogdanoski2013analysis,
  title={Analysis of the SYN flood DoS attack},
  author={Bogdanoski, Mitko and Suminoski, Tomislav and Risteski, Aleksandar},
  journal={International Journal of Computer Network and Information Security (IJCNIS)},
  volume={5},
  number={8},
  pages={1--11},
  year={2013},
  publisher={MECS Publisher}
}
@article{holik2022threat,
  title={Threat modeling of a smart grid secondary substation},
  author={Holik, Filip and Fl{\aa}, Lars Halvdan and Jaatun, Martin Gilje and Yayilgan, Sule Yildirim and Foros, J{\o}rn},
  journal={Electronics},
  volume={11},
  number={6},
  pages={850},
  year={2022},
  publisher={MDPI}
}

@article{gunduz2020cyber,
  title={Cyber-security on smart grid: Threats and potential solutions},
  author={Gunduz, Muhammed Zekeriya and Das, Resul},
  journal={Computer networks},
  volume={169},
  pages={107094},
  year={2020},
  publisher={Elsevier}
}



@article{el2018cyber,
  title={Cyber-security in smart grid: Survey and challenges},
  author={El Mrabet, Zakaria and Kaabouch, Naima and El Ghazi, Hassan and El Ghazi, Hamid},
  journal={Computers \& Electrical Engineering},
  volume={67},
  pages={469--482},
  year={2018},
  publisher={Elsevier}
}

@article{chen2012smart,
  title={Smart attacks in smart grid communication networks},
  author={Chen, Pin-Yu and Cheng, Shin-Ming and Chen, Kwang-Cheng},
  journal={IEEE Communications Magazine},
  volume={50},
  number={8},
  pages={24--29},
  year={2012},
  publisher={IEEE}
}
@inproceedings{wang2011analysis,
  title={Analysis of smart grid security standards},
  author={Wang, Yong and Ruan, Da and Gu, Dawu and Gao, Jason and Liu, Daming and Xu, Jianping and Chen, Fang and Dai, Fei and Yang, Jinshi},
  booktitle={2011 IEEE International Conference on Computer Science and Automation Engineering},
  volume={4},
  pages={697--701},
  year={2011},
  organization={IEEE}
}
@article{farraj2017distributed,
  title={A distributed control paradigm for smart grid to address attacks on data integrity and availability},
  author={Farraj, Abdallah and Hammad, Eman and Kundur, Deepa},
  journal={IEEE Transactions on Signal and Information Processing over Networks},
  volume={4},
  number={1},
  pages={70--81},
  year={2017},
  publisher={IEEE}
}
@article{wei2011protecting,
  title={Protecting smart grid automation systems against cyberattacks},
  author={Wei, Dong and Lu, Yan and Jafari, Mohsen and Skare, Paul M and Rohde, Kenneth},
  journal={IEEE Transactions on Smart Grid},
  volume={2},
  number={4},
  pages={782--795},
  year={2011},
  publisher={IEEE}
}
@inproceedings{feher2020side,
  title={Side channel security of smart meter data compression techniques},
  author={Feh{\'e}r, Marcell and Yazdani, Niloofar and Aranha, Diego F and Lucani, Daniel E and Hansen, Morten Tranberg and Vester, Flemming Enevold},
  booktitle={2020 IEEE International Conference on Communications, Control, and Computing Technologies for Smart Grids (SmartGridComm)},
  pages={1--6},
  year={2020},
  organization={IEEE}
}

@inproceedings{ali2013randomizing,
  title={Randomizing AMI configuration for proactive defense in smart grid},
  author={Ali, Muhammad Qasim and Al-Shaer, Ehab and Duan, Qi},
  booktitle={2013 IEEE International Conference on Smart Grid Communications (SmartGridComm)},
  pages={618--623},
  year={2013},
  organization={IEEE}
}
@inproceedings{rajkumar2020cyber,
  title={Cyber attacks on power system automation and protection and impact analysis},
  author={Rajkumar, Vetrivel Subramaniam and Tealane, Marko and {\c{S}}tefanov, Alexandru and Presekal, Alfan and Palensky, Peter},
  booktitle={2020 IEEE PES Innovative Smart Grid Technologies Europe (ISGT-Europe)},
  pages={247--254},
  year={2020},
  organization={IEEE}
}
@inproceedings{mohan2020distributed,
  title={Distributed intrusion detection system using semantic-based rules for SCADA in smart grid},
  author={Mohan, Sathya Narayana and Ravikumar, Gelli and Govindarasu, Manimaran},
  booktitle={2020 IEEE/PES Transmission and Distribution Conference and Exposition (T\&D)},
  pages={1--5},
  year={2020},
  organization={IEEE}
}
@inproceedings{fritz2019simulation,
  title={Simulation of man in the middle attack on smart grid testbed},
  author={Fritz, Jared J and Sagisi, Joseph and James, John and Leger, Aaron St and King, Kyle and Duncan, Kate J},
  booktitle={2019 SoutheastCon},
  pages={1--6},
  year={2019},
  organization={IEEE}
}
@article{wlazlo2021man,
  title={Man-in-the-middle attacks and defence in a power system cyber-physical testbed},
  author={Wlazlo, Patrick and Sahu, Abhijeet and Mao, Zeyu and Huang, Hao and Goulart, Ana and Davis, Katherine and Zonouz, Saman},
  journal={IET Cyber-Physical Systems: Theory \& Applications},
  volume={6},
  number={3},
  pages={164--177},
  year={2021},
  publisher={Wiley Online Library}
}
@article{khan2022elliptic,
  title={An elliptic curve cryptography based mutual authentication scheme for smart grid communications using biometric approach},
  author={Khan, Akber Ali and Kumar, Vinod and Ahmad, Musheer},
  journal={Journal of King Saud University-Computer and Information Sciences},
  volume={34},
  number={3},
  pages={698--705},
  year={2022},
  publisher={Elsevier}
}
@article{wu2019anonymous,
  title={Anonymous and efficient message authentication scheme for smart grid},
  author={Wu, Libing and Wang, Jing and Zeadally, Sherali and He, Debiao},
  journal={Security and Communication Networks},
  volume={2019},
  year={2019},
  publisher={Hindawi}
}
@article{chaudhry2022sg,
  title={LAS-SG: An Elliptic Curve-Based Lightweight Authentication Scheme for Smart Grid Environments},
  author={Chaudhry, Shehzad Ashraf and Yahya, Khalid and Garg, Sahil and Kaddoum, Georges and Hassan, Mohammad Mehedi and Zikria, Yousaf Bin},
  journal={IEEE Transactions on Industrial Informatics},
  volume={19},
  number={2},
  pages={1504--1511},
  year={2022},
  publisher={IEEE}
}
@inproceedings{ebrahimabadi2021hardware,
  title={Hardware assisted smart grid authentication},
  author={Ebrahimabadi, Mohammad and Younis, Mohamed and Karimi, Naghmeh},
  booktitle={ICC 2021-IEEE International Conference on Communications},
  pages={1--6},
  year={2021},
  organization={IEEE}
}
@article{chen2022anonymous,
  title={An anonymous key agreement protocol with robust authentication for smart grid infrastructure},
  author={Chen, Ting and Cheng, Qingfeng and Li, Xinghua},
  journal={Science China Information Sciences},
  volume={65},
  number={9},
  pages={1--3},
  year={2022}
}
@article{shereen2019model,
  title={Model-based and data-driven detectors for time synchronization attacks against PMUs},
  author={Shereen, Ezzeldin and D{\'a}n, Gy{\"o}rgy},
  journal={IEEE Journal on Selected Areas in Communications},
  volume={38},
  number={1},
  pages={169--179},
  year={2019},
  publisher={IEEE}
}
@inproceedings{ansilla2015data,
  title={Data security in Smart Grid with hardware implementation against DoS attacks},
  author={Ansilla, JD and Vasudevan, N and JayachandraBensam, J and Anunciya, JD},
  booktitle={2015 International Conference on Circuits, Power and Computing Technologies [ICCPCT-2015]},
  pages={1--7},
  year={2015},
  organization={IEEE}
}
@inproceedings{kwon2015behavior,
  title={A behavior-based intrusion detection technique for smart grid infrastructure},
  author={Kwon, YooJin and Kim, Huy Kang and Lim, Yong Hun and Lim, Jong In},
  booktitle={2015 IEEE Eindhoven PowerTech},
  pages={1--6},
  year={2015},
  organization={IEEE}
}

@article{gai2017spoofing,
  title={Spoofing-jamming attack strategy using optimal power distributions in wireless smart grid networks},
  author={Gai, Keke and Qiu, Meikang and Ming, Zhong and Zhao, Hui and Qiu, Longfei},
  journal={IEEE Transactions on Smart Grid},
  volume={8},
  number={5},
  pages={2431--2439},
  year={2017},
  publisher={IEEE}
}
@article{ma2015multiact,
  title={Multiact dynamic game strategy for jamming attack in electricity market},
  author={Ma, Jinghuan and Liu, Yuting and Song, Lingyang and Han, Zhu},
  journal={IEEE Transactions on Smart Grid},
  volume={6},
  number={5},
  pages={2273--2282},
  year={2015},
  publisher={IEEE}
}
@article{lu2014camouflage,
  title={Camouflage traffic: Minimizing message delay for smart grid applications under jamming},
  author={Lu, Zhuo and Wang, Wenye and Wang, Cliff},
  journal={IEEE Transactions on Dependable and Secure Computing},
  volume={12},
  number={1},
  pages={31--44},
  year={2014},
  publisher={IEEE}
}


@article{zhang2022jamming,
  title={Jamming-resilient backup nodes selection for RPL-based routing in smart grid AMI networks},
  author={Zhang, Taimin and Ji, Xiaoyu and Xu, Wenyuan},
  journal={Mobile Networks and Applications},
  pages={1--14},
  year={2022},
  publisher={Springer}
}
@inproceedings{xu2021cooperative,
  title={Cooperative Jamming Attack Strategy against Power Balance of Wireless Smart Grid Networks},
  author={Xu, Hongquan and Jin, Xueqi and Jin, Qi and Luo, Kai and Han, Wanbin},
  booktitle={2021 22nd IEEE International Conference on Industrial Technology (ICIT)},
  volume={1},
  pages={1042--1047},
  year={2021},
  organization={IEEE}
}

@article{sun2020intrusion,
  title={Intrusion detection for cybersecurity of smart meters},
  author={Sun, Chih-Che and Cardenas, D Jonathan Sebastian and Hahn, Adam and Liu, Chen-Ching},
  journal={IEEE Transactions on Smart Grid},
  volume={12},
  number={1},
  pages={612--622},
  year={2020},
  publisher={IEEE}
}
@article{fadlullah2011early,
  title={An early warning system against malicious activities for smart grid communications},
  author={Fadlullah, Zubair Md and Fouda, Mostafa M and Kato, Nei and Shen, Xuemin and Nozaki, Yousuke},
  journal={IEEE Network},
  volume={25},
  number={5},
  pages={50--55},
  year={2011},
  publisher={IEEE}
}

@inproceedings{cairns2013flexible,
  title={Flexible data authentication evaluated for the smart grid},
  author={Cairns, Kelsey and Hauser, Carl and Gamage, Thoshitha},
  booktitle={2013 IEEE International Conference on Smart Grid Communications (SmartGridComm)},
  pages={492--497},
  year={2013},
  organization={IEEE}
}

@article{nge2019real,
  title={A real-time energy management system for smart grid integrated photovoltaic generation with battery storage},
  author={Nge, Chee Lim and Ranaweera, Iromi U and Midtg{\aa}rd, Ole-Morten and Norum, Lars},
  journal={Renewable energy},
  volume={130},
  pages={774--785},
  year={2019},
  publisher={Elsevier}
}
@inproceedings{nicanfar2011smart,
  title={Smart grid authentication and key management for unicast and multicast communications},
  author={Nicanfar, Hasen and Jokar, Paria and Leung, Victor CM},
  booktitle={2011 IEEE PES Innovative Smart Grid Technologies},
  pages={1--8},
  year={2011},
  organization={IEEE}
}

@article{sha2016secure,
  title={A secure and efficient framework to read isolated smart grid devices},
  author={Sha, Kewei and Alatrash, Naif and Wang, Zhiwei},
  journal={IEEE Transactions on Smart Grid},
  volume={8},
  number={6},
  pages={2519--2531},
  year={2016},
  publisher={IEEE}
}

@inproceedings{tran2013detection,
  title={Detection of replay attacks in smart grid systems},
  author={Tran, Thien-Toan and Shin, Oh-Soon and Lee, Jong-Ho},
  booktitle={2013 international conference on computing, management and telecommunications (ComManTel)},
  pages={298--302},
  year={2013},
  organization={IEEE}
}

@inproceedings{pavithra2021prevention,
  title={Prevention of replay attack for isolated smart grid},
  author={Pavithra, L and Rekha, D},
  booktitle={Next Generation Information Processing System: Proceedings of ICCET 2020, Volume 2},
  pages={251--258},
  year={2021},
  organization={Springer}
}

@article{li2013efficient,
  title={An efficient merkle-tree-based authentication scheme for smart grid},
  author={Li, Hongwei and Lu, Rongxing and Zhou, Liang and Yang, Bo and Shen, Xuemin},
  journal={IEEE Systems Journal},
  volume={8},
  number={2},
  pages={655--663},
  year={2013},
  publisher={IEEE}
}

@article{tanveer2021robust,
  title={A robust access control protocol for the smart grid systems},
  author={Tanveer, Muhammad and Kumar, Neeraj and Naushad, Alamgir and Chaudhry, Shehzad Ashraf and others},
  journal={IEEE Internet of Things Journal},
  volume={9},
  number={9},
  pages={6855--6865},
  year={2021},
  publisher={IEEE}
}

@article{ahmed2018feature,
  title={Feature selection--based detection of covert cyber deception assaults in smart grid communications networks using machine learning},
  author={Ahmed, Saeed and Lee, Youngdoo and Hyun, Seung-Ho and Koo, Insoo},
  journal={IEEE Access},
  volume={6},
  pages={27518--27529},
  year={2018},
  publisher={IEEE}
}

@inproceedings{najafabadi2013sybil,
  title={Sybil attack Detection: Improving security of WSNs for smart power grid application},
  author={Najafabadi, Shahrzad Golestani and Naji, Hamid Reza and Mahani, Ali},
  booktitle={2013 Smart Grid Conference (SGC)},
  pages={273--278},
  year={2013},
  organization={IEEE}
}

@inproceedings{sriranjani2023received,
  title={Received Signal Strength and Optimized Support Vector Machine based Sybil Attack Detection Scheme in Smart Grid},
  author={Sriranjani, R and Hemavathi, N and Parvathy, A and Salini, B and Nandhini, L},
  booktitle={2023 3rd International Conference on Intelligent Communication and Computational Techniques (ICCT)},
  pages={1--5},
  year={2023},
  organization={IEEE}
}

@article{kumari2020performance,
  title={Performance evaluation of sybil attack in cyber physical system},
  author={Kumari, Disuja and Singh, Karan and Manjul, Manisha},
  journal={Procedia Computer Science},
  volume={167},
  pages={1013--1027},
  year={2020},
  publisher={Elsevier}
}

@inproceedings{ali2014two,
  title={Two-tier data-driven intrusion detection for automatic generation control in smart grid},
  author={Ali, Muhammad Qasim and Yousefian, Reza and Al-Shaer, Ehab and Kamalasadan, Sukumar and Zhu, Quanyan},
  booktitle={2014 IEEE Conference on Communications and Network Security},
  pages={292--300},
  year={2014},
  organization={IEEE}
}

@inproceedings{gayathri2019multi,
  title={Multi-Attacking Strategy on Smart Grid with Incomplete Network Information},
  author={Gayathri, Bhimavarapu and Yammani, Chandrasekhar},
  booktitle={2019 8th International Conference on Power Systems (ICPS)},
  pages={1--5},
  year={2019},
  organization={IEEE}
}

@inproceedings{abou2022ensemble,
  title={Ensemble Learning for Intrusion Detection in SDN-Based Zero Touch Smart Grid Systems},
  author={Abou El Houda, Zakaria and Brik, Bouziane and Khoukhi, Lyes},
  booktitle={2022 IEEE 47th Conference on Local Computer Networks (LCN)},
  pages={149--156},
  year={2022},
  organization={IEEE}
}

@article{sakhnini2021physical,
  title={Physical layer attack identification and localization in cyber--physical grid: An ensemble deep learning based approach},
  author={Sakhnini, Jacob and Karimipour, Hadis and Dehghantanha, Ali and Parizi, Reza M},
  journal={Physical Communication},
  volume={47},
  pages={101394},
  year={2021},
  publisher={Elsevier}
}

@article{kim2019detection,
  title={Detection for non-technical loss by smart energy theft with intermediate monitor meter in smart grid},
  author={Kim, Jin Young and Hwang, Yu Min and Sun, Young Ghyu and Sim, Isaac and Kim, Dong In and Wang, Xianbin},
  journal={IEEE Access},
  volume={7},
  pages={129043--129053},
  year={2019},
  publisher={IEEE}
}

@article{singh2021blockchain,
  title={Blockchain and homomorphic encryption-based privacy-preserving data aggregation model in smart grid},
  author={Singh, Parminder and Masud, Mehedi and Hossain, M Shamim and Kaur, Avinash},
  journal={Computers \& Electrical Engineering},
  volume={93},
  pages={107209},
  year={2021},
  publisher={Elsevier}
}

@inproceedings{han2016fnfd,
  title={FNFD: A fast scheme to detect and verify non-technical loss fraud in smart grid},
  author={Han, Wenlin and Xiao, Yang},
  booktitle={Proceedings of the 2016 ACM International on Workshop on Traffic Measurements for Cybersecurity},
  pages={24--34},
  year={2016}
}