@article{Ad98,
  title={ J.\,D.\,Adler: {\it Refined anisotropic K-types and supercuspidal representations}, Pacific J. Math.~185(1), 1--32, 1998.  }
}

@article{Ana73,
  title={ S.\it Sch\'emas en groupes: espaces homog\`enes et espaces alg\'ebriques sur une base de dimension $1$, Sur les groupes alg33.  }
}

@article{And01,
  title={Y.\it Différentielles non commutatives et théorie de Galois différentielle ou aux différences.  Ann. Sci. École Norm. Sup. (4) 34 (2001), no. 5, 685–739.    }
}

@article{artin69,
  title={M. Artin, {\it Algebraic approximation of structures over complete local rings}.  Inst. Hautes 36 (1969) 23 -- 58.    }
}

@article{Ar74,
  title={ M.\it Versal deformations and algebraic stacks, Invent. Math.~27, 165--189, 1974.   }
}

@article{ADO21,
  title={ A. \it Geometric models for algebraic suspensions, Int. Math. Res. Not. IMRN 2023.   }
}

@article{AO21,
  title={ A. Asok and P. A. {\aer, $\mathbb{A^1$-homotopy Theory and Contractible Varieties: A Survey}, In Neumann, Frank and  Pal, Ambrus (Ed.), Homotopy Theory and Arithmetic Geometry - Motivic and Diophantine Aspects. Springer.    }
}

@article{AH19,
  title={ E.\it Uniformizing the Moduli Stacks of Global $\bbG$-Shtukas,  Int. Math. Res. Not. IMRN 2021, no. 21, 16121–16192.  }
}

@article{abhyankar-zariski55,
  title={ S. S. Abhyankar and O. Zariski, {\it Splitting of valuations in extensions of local domains}. Proc. Natl. Acad. Sci. USA,  41 (1955), 84--90.  }
}

@article{Be90,
  title={V.\,Berkovich: {\it Spectral theory and analytic geometry over non-Archimedean fields.} Mathematical Surveys and Monographs, 33. American Mathematical Society, Providence, RI, 1990.    }
}

@article{berthelot-ogus78,
  title={ P. Berthelot and A. Ogus, {\it Notes on crystalline cohomology}, Princeton University Press, Princeton, N.J.; University of Tokyo Press, Tokyo, 1978.  }
}

@article{BK93,
  title={ C.\,J.\,Bushnell, Ph.\,C.\,Kutzko: {129, Princeton University Press, 1993.  }
}

@article{BK98,
  title={  C.\it Smooth representations of reductive p-adic groups: structure theory via types. Proc. London Math. Soc. (3) 77 (1998), no. 3, 582–634.    }
}

@article{BLR90,
  title={ S.\it N\'eron models,  Ergebnisse der Mathematik und ihrer Grenzgebiete (3) 21, Berlin, New York: Springer-Verlag.  %}
}

@article{BT72,
  title={ F.\it Groupes r\'eductifs sur un corps local., Publ. Math., Inst. Hautes Étud. Sci. 41, 5-251 (1972).   }
}

@article{BT84,
  title={ F.\it Groupes r\'eductifs sur un corps local II. Sch\'ema en groupes. Existence d'une donn\'ee radicielle valu\'ee, Inst. Hautes 60 (1984), 197--376.    }
}

@article{csima-kottwitz10,
  title={ N.  Csima and R. Kottwitz, {\it Comodules for   Some simple $\mathcal O$-forms of $\mathbb G_m$}. Michigan Math. J. 59 (2010), 179--188.   }
}

@article{Da67,
  title={ E.\it Ideals of the principal class, R-sequences and a certain monoidal transformation. Pacific J. Math. 20 (1967), 197–205.  }
}

@article{duong-hai18,
  title={ N. D. Duong and P. H. Hai,  { \it Tannakian duality over Dedekind ring and applications}, Math. Z. 288 (2018), 1103--1142.  }
}

@article{deligne-milne82,
  title={ P. Deligne and  J. S. Milne,  {\it Tannakian categories}. In  Lecture Notes in Mathematics, 900, Springer-Verlag, Berlin-New York, 1982.  }
}

@article{duong-hai-dos_santos18,
  title={ N. D.\,Duong, P. H.\,Hai, J. P.\, dos Santos: {\it On the structure of affine flat group schemes over discrete valuation rings, I}. Ann. Sc. Norm. Super. Pisa Cl. Sci. (5) 18 (2018), no. 3, 977--1032.   }
}

@article{Du05,
  title={ A. Dubouloz: {\it Quelques remarques sur la notion de modification affine.}  https://arxiv.org/abs/math/0503142, 2005.  }
}

@article{DF18,
  title={ A.\it Families of $\bbA^1$-contractible affine threefolds.  Algebr. Geom. 5 (2018), no. 1, 1–14.   }
}

@article{DP019,
  title={ A. \it $\bbA ^1$-contractibility of affine modifications.  Internat. J. Math. 30 (2019), no. 14.   }
}

@article{Ful98,
  title={ W. Fulton, Intersection theory, Second edition. Ergebnisse der Mathematik und ihrer Grenzgebiete. 3. Folge. A Series of Modern Surveys in Mathematics [Results in Mathematics and Related Areas. 3rd Series. A Series of Modern Surveys in Mathematics], 2. Springer-Verlag, Berlin, 1998.    }
}

@article{EGA,
  title={ A.\,Grothendieck: {\'El{\'eom{\'ebrique}, Publ. Math. IH{\'E}S 4, 1960-1967. (written in collaboration with J. Dieudonné)  }
}

@article{hai-dos_santos21,
  title={ P. H.\,Hai, J. P.\, dos Santos: {\it On the structure of affine flat group schemes over discrete valuation rings, II}. Int. Math. Res. Not. IMRN 2021, no. 12, 9375--9424.   }
}

@article{hai-dos_santos23,
  title={ P. H. Hai and J. P. dos Santos, \textit{ Finite torsors on projective schemes defined over a discrete valuation ring }. Alg. Geom.     10 (1) (2023) 1--40.  }
}

@article{Ho77,
  title={ R.\it Tamely ramified supercuspidal representations of $Gl_n$,  {Pacific J. Math. 73 (1977), no. 2, 437--460}.   }
}

@article{Ha50,
  title={ H.\it Vorlesungen über Zahlentheorie. (German) Die Grundlehren der mathematischen Wissenschaften in Einzeldarstellungen mit besonderer Berücksightigung der Anwendungsgebiete. Band LIX. Springer-Verlag, Berlin-Göttingen-Heidelberg, 1950.  }
}

@article{Ha80,
  title={ H.\it Number theory. Translated from the third German edition and with a preface by Horst Günter Zimmer. Grundlehren der Mathematischen Wissenschaften [Fundamental Principles of Mathematical Sciences], 229. Springer-Verlag, Berlin-New York, 1980.    }
}

@article{He10,
  title={ J.\it Uniformization of $\calG$-bundles, Math. Ann. 347 (2010), no. 3, 499--528.  }
}

@article{He1913,
  title={ Kurt\it Zahlentheorie, Berlin und Leipzig, 1913  }
}

@article{HKO16,
  title={ M.\,Hoyois,  A.\, Krishna, P.\,Østvær:{\it    $\bbA ^1$-contractibility of Koras-Russell threefolds. } Algebr. Geom. 3 (2016), no. 4, 407–423.    }
}

@article{jantzen03,
  title={J. C. Jantzen, {\it Representations of Algebraic Groups}. Math. Surveys Monogr.  Soc., Providence, RI.  2003.   }
}

@article{Ka94,
  title={ S.\it Exotic analytic structures and Eisenman intrinsic measures. Israel J. Math. 88 (1994), no. 1-3, 411–423.  }
}

@article{KP22,
  title={ T. Kaletha, G. Prasad: {\it Bruhat-Tits Theory: A New Approach}, New Mathematical Monographs, Series Number 44, 2022   }
}

@article{KZ99,
  title={S.\,Kaliman, M.\,Zaidenberg: {\it Affine modifications and affine hypersurfaces with a very transitive automorphism group.} Transform. Groups 4 (1999), no. 1, 53–95.     }
}

@article{KR97,
  title={ M. Koras and P. Russell, Contractible threefolds and $\mathbb{C^*$-actions on $C^3$}, J. of Algebraic Geom. 6 (1997), 671-695.   }
}

@article{liu02,
  title={Q. Liu, {\it Algebraic Geometry and Arithmetic Curves}, Oxford Graduate Texts in Mathematics, Vol. 6, 2002.   }
}

@article{ML96,
  title={ L. Makar-Limanov, On the hypersurface $x+x^2y+z^2+t^3=0$ in $\mathbb{C^4$ or a $C^3$ -like threefold which is not $C^3$}, Israel J. Math. 96 (1996), 419-429.   }
}

@article{Ma19o,
  title={ A.\,Mayeux: {\it Comparison of Bushnell-Kutzko and Yu’s constructions of supercuspidal representations}, Oberwolfach report 44/2019, New Developments in Representation Theory of p-adic Groups, organizers J.\,Fintzen, W.\,T. Gan, S.\,Takeda.  }
}

@article{Ma19t,
  title={ A.\it On the constructions of supercuspidal representations, PhD thesis, Universit\'e de Paris,  2019   }
}

@article{Ma22,
  title={ A.\it Bruhat-Tits theory from Berkovich's point of view. Analytic filtrations, Ann. H. Lebesgue 5 (2022) 813-839.  }
}

@article{Ma23a,
  title={ A.\it Algebraic Magnetism, https://arxiv.org/pdf/2203.08231.pdf, 2023   }
}

@article{Ma23c,
  title={ A.\it Dilatations of categories, https://arxiv.org/abs/2305.11303, 2023  }
}

@article{Ma23d,
  title={ A.\it Multi-centered dilatations and congruent isomorphisms, https://arxiv.org/abs/2303.07712, 2023   }
}

@article{MRR20,
  title={  A.\it N\'eron blowups and low-degree cohomological applications, Algebr. Geom. (2023)  }
}

@article{MY22,
  title={ A.\it Comparing Bushnell-Kutzko and Sécherre's constructions of types for GLN and its inner forms with Yu's construction, https://arxiv.org/abs/2112.12367 (2022)   }
}

@article{MV99,
  title={ F. Morel and V. Voevodsky, $\mathbb{A^1$-homotopy theory of schemes}, Inst. Hautes \'Etudes Sci. Publ. Math., (90):45-143 (2001), 1999.  }
}

@article{Mo91,
  title={ L.\,Morris: {\it Tamely ramified supercuspidal representations of classical groups. I. Filtrations}, Annales scientifiques de l'E.N.S. 4e s\'erie, tome 24, no 6 (1991), p. 705-738.  }
}

@article{MJ11,
  title={ L. Moser-Jauslin, Automorphism groups of Koras- Russell threefolds of the first kind, CRM Proc. Lecture Notes, 54, Amer. Math. Soc., Providence, RI, 2011.   }
}

@article{MP94,
  title={ A.\it Unrefined minimal K-types for $p$-adic groups, Invent. Math. 116 (1994), 393--408.  }
}

@article{MP96,
  title={ A.\it Jacquet functors and unrefined minimal {$K$-types}, Comment. Math. Helv., 98--121 1996.  }
}

@article{Ner64,
  title={ A.\,N\'eron: {\it Mod\`eles minimaux des vari\'et\'es ab\'eliennes sur les corps locaux et globaux}, Inst. Hautes \'Etudes Sci. Publ. Math. No. 21 (1964), 128 pp.  }
}

@article{No1884,
  title={ Max Noether, {\it Rationale Ausf\"uhrung der Operationen in der Theorie der algebraischen Functionen}. Math. Ann.  23, 1884,  311--358.   }
}

@article{nori76,
  title={M. V. Nori, On the representations of the fundamental group, Compositio Math. 33 (1976), no. 1, 29--41.  }
}

@article{PR84,
  title={ G.\,Prasad, M.\,S.\,Raghunathan: {\it Topological central extensions of semisimple groups over local fields}, Ann. of Math. 119 (1984), 143--201.  }
}

@article{PY06,
  title={ G.\it On quasi-reductive group schemes, J. Algebraic Geom. 15 (2006), 507--549. With an appendix by Brian Conrad.  }
}

@article{PZ13,
  title={ G.\it Local models of Shimura varieties and a conjecture of Kottwitz, Invent.194 (2013), 147--254.   }
}

@article{Ray66,
  title={ M.\it Mod\`eles de N\'eron, C. R. Acad. Sci. Paris S\'er. A-B 262 (1966), A345--A347.  }
}

@article{RTW10,
  title={ B.\it Bruhat-Tits theory from Berkovich's point of view. I. Realizations and compactifications of buildings ,  Ann. Sci. Éc. Norm. Supér. (4) 43 (2010), no. 3.  }
}

@article{Ro96,
  title={ M. Rost, Chow groups with coefficients. Doc. Math. 1 (1996), No. 16, 319-393.    }
}

@article{saavedra72,
  title={ N. Saavedra,  {\it Cat\'egories Tannakiennes}. Lecture Notes in Mathematics, 265. Berlin: Springer, 1972.    }
}

@article{dos_santos09,
  title={J. P. dos Santos, {\it The behaviour of the differential Galois group on the generic and special fibres: a Tannakian approach}. J. Reine Angew. Math. 637, 63--98 (2009)     }
}

@article{Sec04,
  title={ V.echerre: {esentations lisses de {${I. {C}aract\`eres simples}, Bull. Soc. Math. France,  2004.   }
}

@article{serre68,
  title={J.-P. Serre, {\it Groupe de Grothendieck des sch\'emas en groupes r\'eductifs d\'eploy\'es}, Inst. Hautes \'Etudes Sci. Publ. Math. 34 (1968), 37--52.  }
}

@article{SGA3,
  title={ M.\it S\'eminaire de G\'eom\'etrie Alg\'ebrique du Bois Marie - 1962-64 - Sch\'emas en groupes - (SGA 3), Lecture notes in mathematics 151 (1970), Berlin; New York: Springer-Verlag. pp. xv+564.    }
}

@article{stacks-project,
  title={ The {Stacks project authors}: {https://stacks.math.columbia.edu{https://stacks.math.columbia.edu}, (2022).   }
}

@article{thomason87,
  title={ R. W. Thomason, {\it Equivariant Resolution, Linearization, and Hilbert's Fourteenth Problem over Arbitrary Base Schemes}. Adv. Math. 65, 1987, 16--34.    }
}

@article{waterhouse79,
  title={W. C. Waterhouse, Introduction to affine group schemes.  Grad. Texts in Math., 66. Springer-Verlag, New York-Berlin, 1979.  }
}

@article{WW80,
  title={ W.\it One-dimensional affine group schemes, J.~Algebra 66 (1980), 550--568.  }
}

@article{Yu01,
  title={ J.-K.\it Construction of tame supercuspidal representations, J. Amer. Math. Soc.~14 (2001), no. 3, 579--622.  }
}

@article{Yu15,
  title={ J.-K.\,Yu: {\it Smooth models associated to concave functions in Bruhat- Tits theory}, Autour des sch47, Soc. Math. France, Paris, 2015.   }
}

@article{Zai00,
  title={  M. G. Zaidenberg, Exotic algebraic structures on affine spaces, Algebra i Analiz, 11:5 (1999), 3-73; St. Petersburg Math. J., 11:5 (2000), 703-760.  }
}

@article{Za43,
  title={ O.\it  Foundations of a general theory of birational correspondences, Trans. Amer. Math. Soc. 53 (1943).    thebibliography}
}

