@article{AAG22,
  author={Anurag Anshu, Itai Arad, and David Gosset},
  title={An area law for 2d frustration-free spin systems},
   An area law for 2d frustration-free spin systems. \newblock In {\em Proceedings of the 54th Annual ACM SIGACT Symposium on Theory   of Computing}, STOC 2022, page 12–18, New York, NY, USA, 2022. Association   for Computing Machinery.  
}

@article{AAKScomm21,
  author={  Soleimanifar},
  title={Efficient learning of commuting hamiltonians on lattices, 2021},
   Efficient learning of commuting hamiltonians on lattices, 2021. \newblock https://anuraganshu.seas.harvard.edu/links.  
}

@article{anshu2021sample,
  author={  Soleimanifar},
  title={Sample-efficient learning of interacting quantum systems},
   Sample-efficient learning of interacting quantum systems. \em Nature Physics, 17(8):931--935, 2021.  
}

@article{aaronson2007learnability,
  author={Scott Aaronson},
  title={The learnability of quantum states},
   The learnability of quantum states. \newblock {\em Proceedings of the Royal Society A: Mathematical, Physical and   Engineering Sciences}, 463(2088):3089–3114, Sep 2007.  
}

@article{aaronson2015read,
  author={Scott Aaronson},
  title={Read the fine print},
   Read the fine print. \em Nature Physics, 11(4):291--293, Apr 2015.  
}

@article{aaronson2016complexity,
  author={Scott Aaronson},
  title={{\em arXiv:1607.05256}, 2016},
   The complexity of quantum states and transformations: from quantum   money to black holes. \em arXiv:1607.05256, 2016.  
}

@article{aaronson:shadow,
  author={Scott Aaronson},
  title={Shadow tomography of quantum states},
   Shadow tomography of quantum states. \em Proceedings of the 50th Annual {ACM {SIGACT} Symposium on   Theory of Computing, {STOC}}, pages 325--338. {ACM}, 2018.  
}

@article{DBLP:journals/corr/abs-2208-07851,
  author={Srinivasan Arunachalam, Sergey Bravyi, Arkopal Dutt, and Theodore~J. Yoder},
  title={Optimal algorithms for learning quantum phase states, 2022},
   Optimal algorithms for learning quantum phase states, 2022. \newblock arXiv:2208.07851v1.  
}

@article{aaronson2018online,
  author={Scott Aaronson, Xinyi Chen, Elad Hazan, Satyen Kale, and Ashwin Nayak},
  title={Online learning of quantum states},
   Online learning of quantum states. \em Advances in Neural Information Processing Systems, pages   8962--8972, 2018.  
}

@article{arunachalam2021two,
  author={  Ronald De~Wolf},
  title={Two new results about quantum exact learning},
   Two new results about quantum exact learning. \em Quantum, 5:587, 2021.  
}

@article{DBLP:journals/sigact/ArunachalamW17,
  author={Srinivasan Arunachalam and Ronald de~Wolf},
  title={Guest column: {A} survey of quantum learning theory},
   Guest column: {A} survey of quantum learning theory. \em {SIGACT News}, 48(2):41--67, 2017.  
}

@article{arunachalam2018optimal,
  author={Srinivasan Arunachalam and Ronald de~Wolf},
  title={Optimal quantum sample complexity of learning algorithms},
   Optimal quantum sample complexity of learning algorithms. \em Journal of Machine Learning Research, 19(71):1--36, 2018.  
}

@article{DBLP:journals/jmlr/ArunachalamW18,
  author={Srinivasan Arunachalam and Ronald de~Wolf},
  title={Optimal quantum sample complexity of learning algorithms},
   Optimal quantum sample complexity of learning algorithms. \em Journal of Machine Learning Research, 19:71:1--71:36, 2018.  
}

@article{aaronson2004improved,
  author={Scott Aaronson and Daniel Gottesman},
  title={Improved simulation of stabilizer circuits},
   Improved simulation of stabilizer circuits. \em Physical Review A, 70(5):052328, 2004.  
}

@article{aaronsongottesmantalk,
  author={S.~Aaronson and D.~Gottesman},
  title={Identifying stabilizer states, 2008},
   Identifying stabilizer states, 2008. \newblock http://pirsa.org/08080052.  
}

@article{arunachalam2022quantum,
  author={  Sundaram},
  title={Quantum learning algorithms imply circuit lower bounds},
   Quantum learning algorithms imply circuit lower bounds. \newblock In {\em 2021 IEEE 62nd Annual Symposium on Foundations of Computer   Science (FOCS)}, pages 562--573. IEEE, 2022.  
}

@article{arunachalam2020quantum,
  author={Srinivasan Arunachalam, Alex~B Grilo, and Henry Yuen},
  title={Quantum statistical query learning},
   Quantum statistical query learning. \em arXiv:2002.08240, 2020.  
}

@article{ALL22,
  author={Anurag Anshu, Zeph Landau, and Yunchao Liu},
  title={Distributed quantum inner product estimation},
   Distributed quantum inner product estimation. \newblock In {\em Proceedings of the 54th Annual ACM SIGACT Symposium on Theory   of Computing}, STOC 2022, page 44–51. Association for Computing Machinery,   2022.  
}

@article{AradLVV17,
  author={Itai Arad, Zeph Landau, Umesh Vazirani, and Thomas Vidick},
  title={},
   Rigorous rg algorithms and area laws for low energy eigenstates in   1d. \em Communications in Mathematical Physics, 356(1):65--105, Nov   2017.  
}

@article{AN22,
  author={Anurag Anshu and Chinmay Nirkhe},
  title={},
   {Circuit Lower Bounds for Low-Energy States of Quantum Code   Hamiltonians}. \newblock In Mark Braverman, editor, {\em 13th Innovations in Theoretical   Computer Science Conference (ITCS 2022)}, volume 215 of {\em Leibniz   International Proceedings in Informatics (LIPIcs)}, pages 6:1--6:22,   Dagstuhl, Germany, 2022. Schloss Dagstuhl -- Leibniz-Zentrum f{\"u}r   Informatik.  
}

@article{DBLP:conf/nips/QuekAS21,
  author={Srinivasan Arunachalam, Yihui Quek, and John~A. Smolin},
  title={Private learning implies quantum stability},
   Private learning implies quantum stability. \newblock In {\em Advances in Neural Information Processing Systems 34: Annual   Conference on Neural Information Processing Systems 2021, NeurIPS 2021,   December 6-14, 2021, virtual}, pages 20503--20515, 2021.  
}

@article{ananth2021cryptography,
  author={Prabhanjan Ananth, Luowen Qian, and Henry Yuen},
  title={Cryptography from pseudorandom quantum states},
   Cryptography from pseudorandom quantum states. \em arXiv:2112.10020, 2021.  
}

@article{aaronson2019gentle,
  author={Scott Aaronson and Guy~N Rothblum},
  title={Gentle measurement of quantum states and differential privacy},
   Gentle measurement of quantum states and differential privacy. \newblock In {\em Proceedings of the 51st Annual ACM SIGACT Symposium on Theory   of Computing}, pages 322--333, 2019.  
}

@article{atici2007quantum,
  author={Alp At{\i}c{\i} and Rocco~A Servedio},
  title={Quantum algorithms for learning and testing juntas},
   Quantum algorithms for learning and testing juntas. \em Quantum Information Processing, 6(5):323--348, 2007.  
}

@article{Albert201499,
  author={Joseph Albert and Robert~H. Swendsen},
  title={The inverse {I}sing problem},
   The inverse {I}sing problem. \em Physics Procedia, 57:99--103, 2014. \newblock Proceedings of the 27th Workshop on Computer Simulation Studies in   Condensed Matter Physics (CSP2014).  
}

@article{abbas2021power,
  author={  Figalli, and Stefan Woerner},
  title={The power of quantum neural networks},
   The power of quantum neural networks. \em Nature Computational Science, 1(6):403--409, 2021.  
}

@article{Aradlearning,
  author={Eyal Bairey, Itai Arad, and Netanel~H Lindner},
  title={Learning a local hamiltonian from local measurements},
   Learning a local hamiltonian from local measurements. \em Physical Review Letters, 122(2):020504, 2019.  
}

@article{bravyi2019simulation,
  author={  Mark Howard},
  title={Simulation of quantum circuits by low-rank stabilizer decompositions},
   Simulation of quantum circuits by low-rank stabilizer decompositions. \em Quantum, 3:181, 2019.  
}

@article{beer2020training,
  author={  Salzmann, Daniel Scheiermann, and Ramona Wolf},
  title={Training deep quantum neural networks},
   Training deep quantum neural networks. \em Nature communications, 11(1):808, 2020.  
}

@article{DBLP:journals/cjtcs/BaconCD06,
  author={Dave Bacon, Andrew~M. Childs, and Wim van Dam},
  title={Optimal measurements for the dihedral hidden subgroup problem},
   Optimal measurements for the dihedral hidden subgroup problem. \em Chic. J. Theor. Comput. Sci., 2006, 2006.  
}

@article{BG16,
  author={Sergey Bravyi and David Gosset},
  title={{\em Physical Review Letters}, 116:250501, Jun 2016},
   Improved classical simulation of quantum circuits dominated by   {C}lifford gates. \em Physical Review Letters, 116:250501, Jun 2016.  
}

@article{bravyi2016improved,
  author={Sergey Bravyi and David Gosset},
  title={{\em Physical Review Letters}, 116(25):250501, 2016},
   Improved classical simulation of quantum circuits dominated by   {C}lifford gates. \em Physical Review Letters, 116(25):250501, 2016.  
}

@article{DBLP:conf/colt/BshoutyJ95,
  author={Nader~H. Bshouty and Jeffrey~C. Jackson},
  title={},
   Learning {DNF} over the uniform distribution using a quantum example   oracle. \newblock In Wolfgang Maass, editor, {\em Proceedings of the Eigth Annual   Conference on Computational Learning Theory, {COLT}}, pages 118--127. {ACM},   1995.  
}

@article{bremner2011classical,
  author={Michael~J Bremner, Richard Jozsa, and Dan~J Shepherd},
  title={},
   Classical simulation of commuting quantum computations implies   collapse of the polynomial hierarchy. \newblock {\em Proceedings of the Royal Society A: Mathematical, Physical and   Engineering Sciences}, 467(2126):459--472, 2011.  
}

@article{Brandao2019sdp,
  author={  Krysta~M. Svore, and Xiaodi Wu},
  title={},
   {Quantum SDP Solvers: Large Speed-Ups, Optimality, and Applications   to Quantum Learning}. \newblock In {\em 46th International Colloquium on Automata, Languages, and   Programming (ICALP 2019)}, volume 132 of {\em Leibniz International   Proceedings in Informatics (LIPIcs)}, pages 27:1--27:14, 2019.  
}

@article{blum2003noise,
  author={Avrim Blum, Adam Kalai, and Hal Wasserman},
  title={{\em Journal of the ACM (JACM)}, 50(4):506--519, 2003},
   Noise-tolerant learning, the parity problem, and the statistical   query model. \em Journal of the ACM (JACM), 50(4):506--519, 2003.  
}

@article{DBLP:conf/focs/BunLM20,
  author={Mark Bun, Roi Livni, and Shay Moran},
  title={An equivalence between private classification and online prediction},
   An equivalence between private classification and online prediction. \em 61st {IEEE Annual Symposium on Foundations of Computer   Science, {FOCS}}, pages 389--402. {IEEE}, 2020.  
}

@article{DBLP:conf/stoc/BadescuO21,
  author={Costin Badescu and Ryan O'Donnell},
  title={Improved quantum data analysis},
   Improved quantum data analysis. \em {STOC '21: 53rd Annual {ACM} {SIGACT} Symposium on Theory of   Computing}, pages 1398--1411. {ACM}, 2021.  
}

@article{Bresler_learning,
  author={Guy Bresler},
  title={Efficiently learning {I}sing models on arbitrary graphs},
   Efficiently learning {I}sing models on arbitrary graphs. \em S{TOC'15---{P}roceedings of the 2015 {ACM} {S}ymposium on   {T}heory of {C}omputing}, pages 771--782, 2015.  
}

@article{brakerski2019pseudo,
  author={Zvika Brakerski and Omri Shmueli},
  title={{(Pseudo)} {R}andom {Q}uantum {S}tates with {B}inary {P}hase},
   {(Pseudo)} {R}andom {Q}uantum {S}tates with {B}inary {P}hase. \em Theory of Cryptography Conference, pages 229--250. Springer,   2019.  
}

@article{BSS16,
  author={Sergey Bravyi, Graeme Smith, and John~A. Smolin},
  title={Trading classical and quantum computational resources},
   Trading classical and quantum computational resources. \em Phys. Rev. X, 6:021043, Jun 2016.  
}

@article{bernstein1997quantum,
  author={Ethan Bernstein and Umesh Vazirani},
  title={Quantum complexity theory},
   Quantum complexity theory. \em SIAM Journal on Computing, 26(5):1411--1473, 1997.  
}

@article{buhrman2002complexity,
  author={Harry Buhrman and {Ronald de} Wolf},
  title={Complexity measures and decision tree complexity: a survey},
   Complexity measures and decision tree complexity: a survey. \em Theoretical Computer Science, 288(1):21--43, 2002.  
}

@article{caro2020quantum,
  author={Matthias~C Caro},
  title={Quantum learning boolean linear functions wrt product distributions},
   Quantum learning boolean linear functions wrt product distributions. \em Quantum Information Processing, 19(6):172, 2020.  
}

@article{caro2021binary,
  author={Matthias~C Caro},
  title={Binary classification with classical instances and quantum labels},
   Binary classification with classical instances and quantum labels. \em Quantum Machine Intelligence, 3(1):18, 2021.  
}

@article{caro2022learning,
  author={Matthias~C Caro},
  title={{\em arXiv:2212.04471}, 2022},
   Learning quantum processes and {H}amiltonians via the {P}auli   transfer matrix. \em arXiv:2212.04471, 2022.  
}

@article{DBLP:conf/focs/ChenCH021,
  author={Sitan Chen, Jordan Cotler, Hsin{-}Yuan Huang, and Jerry Li},
  title={},
   Exponential separations between learning with and without quantum   memory. \em 62nd {IEEE Annual Symposium on Foundations of Computer   Science, {FOCS}}, pages 574--585. {IEEE}, 2021.  
}

@article{Cong_2016,
  author={Iris Cong and Luming Duan},
  title={{\em New Journal of Physics}, 18(7):073011, jul 2016},
   Quantum discriminant analysis for dimensionality reduction and   classification. \em New Journal of Physics, 18(7):073011, jul 2016.  
}

@article{caro2020pseudo,
  author={Matthias~C Caro and Ishaun Datta},
  title={Pseudo-dimension of quantum circuits},
   Pseudo-dimension of quantum circuits. \em Quantum Machine Intelligence, 2(2):14, 2020.  
}

@article{caro2021encoding,
  author={  Sweke},
  title={{\em Quantum}, 5:582, 2021},
   Encoding-dependent generalization bounds for parametrized quantum   circuits. \em Quantum, 5:582, 2021.  
}

@article{cui2017diagonal,
  author={Shawn~X Cui, Daniel Gottesman, and Anirudh Krishna},
  title={Diagonal gates in the {C}lifford hierarchy},
   Diagonal gates in the {C}lifford hierarchy. \em Physical Review A, 95(1):012329, 2017.  
}

@article{Chia2020samplingbased,
  author={  Chunhao Wang},
  title={},
   Sampling-based sublinear low-rank matrix arithmetic framework for   dequantizing quantum machine learning. \newblock In {\em Proceedings of the 52nd Annual ACM SIGACT Symposium on Theory   of Computing}, STOC, page 387–400, 2020.  
}

@article{caro2022generalization,
  author={  Sornborger, Lukasz Cincio, and Patrick~J Coles},
  title={Generalization in quantum machine learning from few training data},
   Generalization in quantum machine learning from few training data. \em Nature communications, 13(1):4919, 2022.  
}

@article{caro2022out,
  author={  Sornborger, Lukasz Cincio, Patrick~J Coles, and Zo{\"e} Holmes},
  title={Out-of-distribution generalization for learning quantum dynamics},
   Out-of-distribution generalization for learning quantum dynamics. \em arXiv:2204.10268, 2022.  
}

@article{chen2022tight,
  author={Sitan Chen, Brice Huang, Jerry Li, Allen Liu, and Mark Sellke},
  title={Tight bounds for state tomography with incoherent measurements},
   Tight bounds for state tomography with incoherent measurements. \em arXiv:2206.05265, 2022.  
}

@article{chen2022adaptive,
  author={Xinyi Chen, Elad Hazan, Tongyang Li, Zhou Lu, Xinzhao Wang, and Rui Yang},
  title={Adaptive online learning of quantum states},
   Adaptive online learning of quantum states. \em arXiv:2206.00220, 2022.  
}

@article{cheng2015learnability,
  author={Hao{-}Chung Cheng, Min{-}Hsiu Hsieh, and Ping{-}Cheng Yeh},
  title={The learnability of unknown quantum measurements},
   The learnability of unknown quantum measurements. \em Quantum Inf. Comput., 16(7{\&}8):615--656, 2016.  
}

@article{ChowLiu1968,
  author={C.~{Chow} and C.~{Liu}},
  title={{\em IEEE Transactions on Information Theory}, 14(3):462--467, 1968},
   Approximating discrete probability distributions with dependence   trees. \em IEEE Transactions on Information Theory, 14(3):462--467, 1968.  
}

@article{chung2018sample,
  author={Kai{-}Min Chung and Han{-}Hsuan Lin},
  title={},
   Sample efficient algorithms for learning quantum channels in {PAC}   model and the approximate state discrimination problem. -Hsiu Hsieh, editor, {\em 16th Conference on the Theory of   Quantum Computation, Communication and Cryptography, {TQC} 2021, July 5-8,   2021, Virtual Conference}, volume 197 of {\em LIPIcs}, pages 3:1--3:22.   Schloss Dagstuhl - Leibniz-Zentrum f{u}r Informatik, 2021.  
}

@article{chia2018quantuminspired,
  author={Nai-Hui Chia, Han-Hsuan Lin, and Chunhao Wang},
  title={},
   Quantum-inspired sublinear classical algorithms for solving low-rank   linear systems, 2018.  
}

@article{CMDK20,
  author={Brian Coyle, Daniel Mills, Vincent Danos, and Elham Kashefi},
  title={{\em NPJ Quantum Information}, 6(1):60, Jul 2020},
   The born supremacy: quantum advantage and training of an {I}sing born   machine. \em NPJ Quantum Information, 6(1):60, Jul 2020.  
}

@article{cramer2010efficient,
  author={  Stephen~D Bartlett, Olivier Landon-Cardinal, David Poulin, and Yi-Kai Liu},
  title={Efficient quantum state tomography},
   Efficient quantum state tomography. \em Nature Communications, 1(1):1--7, 2010.  
}

@article{CPFSGBLPL10,
  author={  Stephen~D. Bartlett, Olivier Landon-Cardinal, David Poulin, and Yi-Kai Liu},
  title={Efficient quantum state tomography},
   Efficient quantum state tomography. \em Nature Communications, 1(1):149, Dec 2010.  
}

@article{ding2019quantuminspired,
  author={Chen Ding, Tian-Yi Bao, and He-Liang Huang},
  title={Quantum-inspired support vector machine, 2019},
   Quantum-inspired support vector machine, 2019.  
}

@article{dehaene2003clifford,
  author={Jeroen Dehaene and Bart De~Moor},
  title={{\em Physical Review A}, 68(4):042318, 2003},
   Clifford group, stabilizer states, and linear and quadratic   operations over gf (2). \em Physical Review A, 68(4):042318, 2003.  
}

@article{du2021learnability,
  author={Yuxuan Du, Min-Hsiu Hsieh, Tongliang Liu, Shan You, and Dacheng Tao},
  title={Learnability of quantum neural networks},
   Learnability of quantum neural networks. \em PRX Quantum, 2(4):040337, 2021.  
}

@article{dutt2021active,
  author={  Bishop, and Isaac~L Chuang},
  title={{\em arXiv:2112.14553}, 2021},
   Active learning of quantum system hamiltonians yields query   advantage. \em arXiv:2112.14553, 2021.  
}

@article{dwork2014algorithmic,
  author={Cynthia Dwork, Aaron Roth, et~al},
  title={The algorithmic foundations of differential privacy},
   The algorithmic foundations of differential privacy. \em Foundations and Trends in Theoretical Computer Science,   9(3--4):211--407, 2014.  
}

@article{dwork2006differential,
  author={Cynthia Dwork},
  title={Differential privacy},
   Differential privacy. \newblock In {\em Automata, Languages and Programming: 33rd International   Colloquium, ICALP 2006, Venice, Italy, July 10-14, 2006, Proceedings, Part II   33}, pages 1--12. Springer, 2006.  
}

@article{EisertP10,
  author={J.~Eisert, M.~Cramer, and M.~B. Plenio},
  title={Colloquium: Area laws for the entanglement entropy},
   Colloquium: Area laws for the entanglement entropy. \em Rev. Mod. Phys., 82:277--306, Feb 2010.  
}

@article{eldar2001quantum,
  author={Yonina~C Eldar and G~David Forney},
  title={On quantum detection and the square-root measurement},
   On quantum detection and the square-root measurement. \em IEEE Transactions on Information Theory, 47(3):858--872, 2001.  
}

@article{DBLP:journals/ipl/EttingerHK04,
  author={Mark Ettinger, Peter H{\o}yer, and Emanuel Knill},
  title={{\em Inf. Process. Lett.}, 91(1):43--48, 2004},
   The quantum query complexity of the hidden subgroup problem is   polynomial. \em Inf. Process. Lett., 91(1):43--48, 2004.  
}

@article{FBK21,
  author={Daniel~Stilck Fran\c{c}a, Fernando G.S~L. Brand\~{a}o, and Richard Kueng},
  title={},
   {Fast and Robust Quantum State Tomography from Few Basis   Measurements}. \newblock In Min-Hsiu Hsieh, editor, {\em 16th Conference on the Theory of   Quantum Computation, Communication and Cryptography (TQC 2021)}, volume 197   of {\em Leibniz International Proceedings in Informatics (LIPIcs)}, pages   7:1--7:13. Schloss Dagstuhl -- Leibniz-Zentrum f{\"u}r Informatik, 2021.  
}

@article{feldman2009distribution,
  author={Vitaly Feldman},
  title={Distribution-specific agnostic boosting},
   Distribution-specific agnostic boosting. \em arXiv:0909.2927, 2009.  
}

@article{flammia2012quantum,
  author={Steven~T Flammia, David Gross, Yi-Kai Liu, and Jens Eisert},
  title={{\em New Journal of Physics}, 14(9):095022, 2012},
   Quantum tomography via compressed sensing: error bounds, sample   complexity and efficient estimators. \em New Journal of Physics, 14(9):095022, 2012.  
}

@article{feldman2017statistical,
  author={Vitaly Feldman, Elena Grigorescu, Lev Reyzin, Santosh~S Vempala, and Ying Xiao},
  title={{\em Journal of the ACM (JACM)}, 64(2):1--37, 2017},
   Statistical algorithms and a lower bound for detecting planted   cliques. \em Journal of the ACM (JACM), 64(2):1--37, 2017.  
}

@article{Friedl2014hidden,
  author={  Sen},
  title={Hidden translation and translating coset in quantum computing},
   Hidden translation and translating coset in quantum computing. \em SIAM Journal on Computing, 43(1):1–24, Jan 2014.  
}

@article{FMM+12,
  author={Austin~G. Fowler, Matteo Mariantoni, John~M. Martinis, and Andrew~N. Cleland},
  title={Surface codes: Towards practical large-scale quantum computation},
   Surface codes: Towards practical large-scale quantum computation. \em Physical Review A, 86(3), sep 2012.  
}

@article{flammiaodonnell,
  author={Steve Flammia and Ryan {O'Donnell}},
  title={Quantum chi-squared tomography and mutual information testing},
   Quantum chi-squared tomography and mutual information testing. \em arXiv:2305.18519v1, 2023.  
}

@article{fanizza2022learning,
  author={Marco Fanizza, Yihui Quek, and Matteo Rosati},
  title={Learning quantum processes without input control},
   Learning quantum processes without input control. \em arXiv:2211.05005, 2022.  
}

@article{gong2022learning,
  author={Weiyuan Gong and Scott Aaronson},
  title={Learning distributions over quantum measurement outcomes},
   Learning distributions over quantum measurement outcomes. \em arXiv:2209.03007, 2022.  
}

@article{gottesman1999demonstrating,
  author={Daniel Gottesman and Isaac~L Chuang},
  title={{\em Nature}, 402(6760):390--393, 1999},
   Demonstrating the viability of universal quantum computation using   teleportation and single-qubit operations. \em Nature, 402(6760):390--393, 1999.  
}

@article{glick2021covariant,
  author={  Abhinav Kandala, Jay~M. Gambetta, and Kristan Temme},
  title={Covariant quantum kernels for data with group structure, 2021},
   Covariant quantum kernels for data with group structure, 2021.  
}

@article{gibbs2022dynamical,
  author={  Lukasz Cincio, Andrew~T Sornborger, and Patrick~J Coles},
  title={{\em arXiv:2204.10269}, 2022},
   Dynamical simulation via quantum machine learning with provable   generalization. \em arXiv:2204.10269, 2022.  
}

@article{grewal2023improvedlatest,
  author={Sabee Grewal, Vishnu Iyer, William Kretschmer, and Daniel Liang},
  title={2023},
   Efficient learning of quantum states prepared with few non-clifford   gates. \newblock 2023.  
}

@article{grewal2023improved,
  author={Sabee Grewal, Vishnu Iyer, William Kretschmer, and Daniel Liang},
  title={Improved stabilizer estimation via bell difference sampling},
   Improved stabilizer estimation via bell difference sampling. \em arXiv:2304.13915, 2023.  
}

@article{grewal2022low,
  author={Sabee Grewal, Vishnu Iyer, William Kretschmer, and Daniel Liang},
  title={Low-stabilizer-complexity quantum states are not pseudorandom},
   Low-stabilizer-complexity quantum states are not pseudorandom. \newblock In Yael~Tauman Kalai, editor, {\em 14th Innovations in Theoretical   Computer Science Conference, {ITCS} 2023, January 10-13, 2023, MIT,   Cambridge, Massachusetts, {USA}}, volume 251 of {\em LIPIcs}, pages   64:1--64:20. Schloss Dagstuhl - Leibniz-Zentrum f{u}r Informatik, 2023.  
}

@article{DBLP:conf/stoc/GopalanKK08,
  author={Parikshit Gopalan, Adam~Tauman Kalai, and Adam~R. Klivans},
  title={Agnostically learning decision trees},
   Agnostically learning decision trees. \em Proceedings of the 40th Annual {ACM Symposium on Theory of   Computing}, pages 527--536. {ACM}, 2008.  
}

@article{Grilo2019learning,
  author={Alex~B. Grilo, Iordanis Kerenidis, and Timo Zijlstra},
  title={Learning-with-errors problem is easy with quantum samples},
   Learning-with-errors problem is easy with quantum samples. \em Phys. Rev. A, 99:032314, Mar 2019.  
}

@article{gollakota2022hardness,
  author={Aravind Gollakota and Daniel Liang},
  title={On the hardness of {PAC}-learning stabilizer states with noise},
   On the hardness of {PAC}-learning stabilizer states with noise. \em Quantum, 6:640, 2022.  
}

@article{gilyn2018quantuminspired,
  author={András Gilyén, Seth Lloyd, and Ewin Tang},
  title={},
   Quantum-inspired low-rank stochastic regression with logarithmic   dependence on the dimension, 2018.  
}

@article{GSG2023,
  author={  Pezz{\`e}, and Cristian Bonato},
  title={Learning quantum systems},
   Learning quantum systems. \em Nature Reviews Physics, Feb 2023.  
}

@article{GYN22,
  author={Abigail~McClain Gomez, Susanne~F. Yelin, and Khadijeh Najafi},
  title={},
   Reconstructing quantum states using basis-enhanced born machines,   2022.  
}

@article{huang2022learning,
  author={Hsin-Yuan Huang, Sitan Chen, and John Preskill},
  title={Learning to predict arbitrary quantum processes},
   Learning to predict arbitrary quantum processes. \em arXiv:2210.14894, 2022.  
}

@article{Havlicek2019,
  author={  Aram~W. Harrow, Abhinav Kandala, Jerry~M. Chow, and Jay~M. Gambetta},
  title={Supervised learning with quantum-enhanced feature spaces},
   Supervised learning with quantum-enhanced feature spaces. \em Nature, 567(7747):209--212, Mar 2019.  
}

@article{haah2017sample,
  author={Jeongwan Haah, Aram~W Harrow, Zhengfeng Ji, Xiaodi Wu, and Nengkun Yu},
  title={Sample-optimal tomography of quantum states},
   Sample-optimal tomography of quantum states. \em IEEE Transactions on Information Theory, 63(9):5628--5641,   2017.  
}

@article{Harrow2009quantum,
  author={Aram~W. Harrow, Avinatan Hassidim, and Seth Lloyd},
  title={Quantum algorithm for linear systems of equations},
   Quantum algorithm for linear systems of equations. \em Phys. Rev. Lett., 103:150502, Oct 2009.  
}

@article{hinsche2021learnability,
  author={  Dominik Hangleiter, Jean-Pierre Seifert, Jens Eisert, and Ryan Sweke},
  title={Learnability of the output distributions of local quantum circuits},
   Learnability of the output distributions of local quantum circuits. \em arXiv:2110.05517, 2021.  
}

@article{hinsche2022single,
  author={  Dominik Hangleiter, Jean-Pierre Seifert, Jens Eisert, and Ryan Sweke},
  title={A single {$ T $}-gate makes distribution learning hard},
   A single {$ T $}-gate makes distribution learning hard. \em arXiv:2207.03140, 2022.  
}

@article{haah2023query,
  author={Jeongwan Haah, Robin Kothari, Ryan O'Donnell, and Ewin Tang},
  title={Query-optimal estimation of unitary channels in diamond distance},
   Query-optimal estimation of unitary channels in diamond distance. \em arXiv:2302.14066, 2023.  
}

@article{huangpreskill,
  author={Hsin-Yuan Huang, Richard Kueng, and John Preskil},
  title={{\em Nature Physics}, 16:1050--1057, 2020},
   Predicting many properties of a quantum system from very few   measurements. \em Nature Physics, 16:1050--1057, 2020.  
}

@article{haah2021optimal,
  author={Jeongwan Haah, Robin Kothari, and Ewin Tang},
  title={},
   Optimal learning of quantum hamiltonians from high-temperature gibbs   states. \em 63rd {IEEE Annual Symposium on Foundations of Computer   Science, {FOCS} 2022, Denver, CO, USA, October 31 - November 3, 2022}, pages   135--146. {IEEE}, 2022.  
}

@article{huang2022provably,
  author={  Preskill},
  title={Provably efficient machine learning for quantum many-body problems},
   Provably efficient machine learning for quantum many-body problems. \em Science, 377(6613):eabk3333, 2022.  
}

@article{DBLP:conf/soda/HarrowLM17,
  author={Aram~W. Harrow, Cedric~Yen{-}Yu Lin, and Ashley Montanaro},
  title={Sequential measurements, disturbance and property testing},
   Sequential measurements, disturbance and property testing. \em Proceedings of the Twenty-Eighth Annual {ACM-SIAM Symposium   on Discrete Algorithms, {SODA}}, pages 1598--1611. {SIAM}, 2017.  
}

@article{DBLP:journals/jacm/HallgrenMRRS10,
  author={Sean Hallgren, Martin R{\"{o}}tteler, and Pranab Sen},
  title={Limitations of quantum coset states for graph isomorphism},
   Limitations of quantum coset states for graph isomorphism. \em Journal of the {ACM}, 57(6):34:1--34:33, 2010.  
}

@article{hallgren2000normal,
  author={Sean Hallgren, Alexander Russell, and Amnon Ta-Shma},
  title={},
   Normal subgroup reconstruction and quantum computation using group   representations. \newblock In {\em Proceedings of the thirty-second annual ACM symposium on   Theory of computing}, pages 627--635, 2000.  
}

@article{hinton1986learning,
  author={Geoffrey~E Hinton, Terrence~J Sejnowski, et~al},
  title={Learning and relearning in {B}oltzmann machines},
   Learning and relearning in {B}oltzmann machines. \newblock {\em Parallel distributed processing: Explorations in the   microstructure of cognition}, 1(282-317):2, 1986.  
}

@article{HTFS22,
  author={Hsin-Yuan Huang, Yu~Tong, Di~Fang, and Yuan Su},
  title={Learning many-body hamiltonians with heisenberg-limited scaling},
   Learning many-body hamiltonians with heisenberg-limited scaling. \em Physical Review Letters, 130(20):200403, 2023.  
}

@article{irani2021quantum,
  author={Sandy Irani, Anand Natarajan, Chinmay Nirkhe, Sujit Rao, and Henry Yuen},
  title={},
   Quantum search-to-decision reductions and the state synthesis   problem. \em 37th Computational Complexity Conference, {CCC}, volume 234   of {\em LIPIcs}, pages 5:1--5:19. Schloss Dagstuhl - Leibniz-Zentrum   f{u}r Informatik, 2022.  
}

@article{jumper2021highly,
  author={  {\v{Z}}{\'\i}dek, Anna Potapenko, et~al},
  title={Highly accurate protein structure prediction with alphafold},
   Highly accurate protein structure prediction with alphafold. \em Nature, 596(7873):583--589, 2021.  
}

@article{ji2018pseudorandom,
  author={Zhengfeng Ji, Yi-Kai Liu, and Fang Song},
  title={Pseudorandom quantum states},
   Pseudorandom quantum states. \em Annual International Cryptology Conference, pages 126--152.   Springer, 2018.  
}

@article{Jiang21,
  author={  and M.~Zahid Hasan},
  title={Unconventional chiral charge order in kagome superconductor kv3sb5},
   Unconventional chiral charge order in kagome superconductor kv3sb5. \em Nature Materials, 20(10):1353--1357, Oct 2021.  
}

@article{KatoB2019,
  author={Kohtaro Kato and Fernando G. S.~L. Brand{\~a}o},
  title={Quantum approximate markov chains are thermal},
   Quantum approximate markov chains are thermal. \em Communications in Mathematical Physics, 370(1):117--149, Aug   2019.  
}

@article{kearns:statistical,
  author={M.~J. Kearns},
  title={Efficient noise-tolerant learning from statistical queries},
   Efficient noise-tolerant learning from statistical queries. \em Journal of the {ACM}, 45(6):983--1006, 1998. \newblock Earlier version in STOC'03.  
}

@article{DBLP:journals/eccc/ECCC-TR96-003,
  author={Alexei~Y. Kitaev},
  title={Quantum measurements and the abelian stabilizer problem},
   Quantum measurements and the abelian stabilizer problem. \em Electron. Colloquium Comput. Complex., 1996.  
}

@article{KKB20,
  author={Tomotaka Kuwahara, Kohtaro Kato, and Fernando G. S.~L. Brand\~ao},
  title={{\em Phys. Rev. Lett.}, 124:220601, Jun 2020},
   Clustering of conditional mutual information for quantum {G}ibbs   states above a threshold temperature. \em Phys. Rev. Lett., 124:220601, Jun 2020.  
}

@article{kimmel2017hamiltonian,
  author={  Yoder},
  title={Hamiltonian simulation with optimal sample complexity},
   Hamiltonian simulation with optimal sample complexity. \em NPJ Quantum Information, 3(1):1--7, 2017.  
}

@article{DBLP:journals/siamcomp/KasiviswanathanLNRS11,
  author={  and Adam~D. Smith},
  title={{\em {SIAM} Journal on Computing}, 40(3):793--826, 2011},
   What can we learn privately? \em {SIAM Journal on Computing}, 40(3):793--826, 2011.  
}

@article{Klivans_learning,
  author={Adam~R. Klivans and Raghu Meka},
  title={Learning graphical models using multiplicative weights},
   Learning graphical models using multiplicative weights. \em 58th {IEEE Annual Symposium on   Foundations of Computer Science, {FOCS}}, pages 343--354. {IEEE} Computer   Society, 2017.  
}

@article{KMM13,
  author={Vadym Kliuchnikov, Dmitri Maslov, and Michele Mosca},
  title={{\em Quantum Information and Computation}, 13(7--8):607--630, 2013},
   Fast and efficient exact synthesis of single qubit unitaries   generated by {C}lifford and $t$ gates. \em Quantum Information and Computation, 13(7--8):607--630, 2013.  
}

@article{kerenidis2016quantum,
  author={Iordanis Kerenidis and Anupam Prakash},
  title={Quantum recommendation systems},
   Quantum recommendation systems. \newblock In {\em 8th Innovations in Theoretical Computer Science Conference,   {ITCS}}, volume~67 of {\em LIPIcs}, pages 49:1--49:21. Schloss Dagstuhl -   Leibniz-Zentrum f{u}r Informatik, 2017.  
}

@article{khavari2021lower,
  author={Behnoush Khavari and Guillaume Rabusseau},
  title={},
   Lower and upper bounds on the pseudo-dimension of tensor network   models. \em Advances in Neural Information Processing Systems,   34:10931--10943, 2021.  
}

@article{kanade2018learning,
  author={Varun Kanade, Andrea Rocchetto, and Simone Severini},
  title={{\em arXiv:1802.05690}, 2018},
   Learning {DNF}s under product distributions via $\mu$-biased quantum   {F}ourier sampling. \em arXiv:1802.05690, 2018.  
}

@article{kueng2017low,
  author={Richard Kueng, Holger Rauhut, and Ulrich Terstiege},
  title={Low rank matrix recovery from rank one measurements},
   Low rank matrix recovery from rank one measurements. \em Applied and Computational Harmonic Analysis, 42(1):88--116,   2017.  
}

@article{KS20,
  author={Tomotaka Kuwahara and Keiji Saito},
  title={{\em Annals of Physics}, 421:168278, 2020},
   Gaussian concentration bound and ensemble equivalence in generic   quantum many-body systems including long-range interactions. \em Annals of Physics, 421:168278, 2020.  
}

@article{Kokail2021,
  author={  Peter Zoller},
  title={Entanglement hamiltonian tomography in quantum simulation},
   Entanglement hamiltonian tomography in quantum simulation. \em Nature Physics, 17(8):936--942, Aug 2021.  
}

@article{liu2021rigorous,
  author={Yunchao Liu, Srinivasan Arunachalam, and Kristan Temme},
  title={{\em Nature Physics}, 17(9):1013--1017, 2021},
   A rigorous and robust quantum speed-up in supervised machine   learning. \em Nature Physics, 17(9):1013--1017, 2021.  
}

@article{lai2022learning,
  author={Ching-Yi Lai and Hao-Chung Cheng},
  title={Learning quantum circuits of some {T} gates},
   Learning quantum circuits of some {T} gates. \em IEEE Transactions on Information Theory, 68(6):3951--3964,   2022.  
}

@article{LLP10,
  author={Olivier Landon-Cardinal, Yi-Kai Liu, and David Poulin},
  title={Efficient direct tomography for matrix product states, 2010},
   Efficient direct tomography for matrix product states, 2010.  
}

@article{lloyd2014quantumtda,
  author={Seth Lloyd, Silvano Garnerone, and Paolo Zanardi},
  title={Quantum algorithms for topological and geometric analysis of data},
   Quantum algorithms for topological and geometric analysis of data. \em Nature communications, 7(1):1--7, 2016.  
}

@article{lewis2023improved,
  author={  John Preskill},
  title={{\em arXiv:2301.13169}, 2023},
   Improved machine learning algorithm for predicting ground state   properties. \em arXiv:2301.13169, 2023.  
}

@article{liang2022clifford,
  author={Daniel Liang},
  title={{\em arXiv:2204.06638}, 2022},
   Clifford {C}ircuits can be {P}roperly {PAC} {L}earned if and only if   $RP=NP$. \em arXiv:2204.06638, 2022.  
}

@article{DBLP:journals/jacm/LinialMN93,
  author={Nathan Linial, Yishay Mansour, and Noam Nisan},
  title={Constant depth circuits, fourier transform, and learnability},
   Constant depth circuits, fourier transform, and learnability. \em Journal of the {ACM}, 40(3):607--620, 1993.  
}

@article{lloyd2013quantum,
  author={Seth Lloyd, Masoud Mohseni, and Patrick Rebentrost},
  title={Quantum algorithms for supervised and unsupervised machine learning},
   Quantum algorithms for supervised and unsupervised machine learning. \em arXiv:1307.0411, 2013.  
}

@article{Lloyd2014,
  author={Seth Lloyd, Masoud Mohseni, and Patrick Rebentrost},
  title={Quantum principal component analysis},
   Quantum principal component analysis. \em Nature Physics, 10(9):631--633, Sep 2014.  
}

@article{lowe2022lower,
  author={Angus Lowe and Ashwin Nayak},
  title={{\em arXiv:2207.14438}, 2022},
   Lower bounds for learning quantum states with single-copy   measurements. \em arXiv:2207.14438, 2022.  
}

@article{low2009learning,
  author={Richard~A Low},
  title={Learning and testing algorithms for the {C}lifford group},
   Learning and testing algorithms for the {C}lifford group. \em Physical Review A, 80(5):052314, 2009.  
}

@article{liumemory,
  author={Qipeng Liu, Ran Raz, and Wei Zhan},
  title={},
   Memory-sample lower bounds for learning with classical-quantum hybrid   memory. \newblock In Barna Saha and Rocco~A. Servedio, editors, {\em Proceedings of the   55th Annual {ACM} Symposium on Theory of Computing, {STOC} 2023, Orlando, FL,   USA, June 20-23, 2023}, pages 1097--1110. {ACM}, 2023.  
}

@article{LandauVV15,
  author={Zeph Landau, Umesh Vazirani, and Thomas Vidick},
  title={{\em Nature Physics}, 11(7):566--569, Jul 2015},
   A polynomial time algorithm for the ground state of one-dimensional   gapped local hamiltonians. \em Nature Physics, 11(7):566--569, Jul 2015.  
}

@article{montanaro2017learning,
  author={Ashley Montanaro},
  title={Learning stabilizer states by {B}ell sampling},
   Learning stabilizer states by {B}ell sampling. \em arXiv:1707.04012, 2017.  
}

@article{montanaro2017circuits,
  author={Ashley Montanaro},
  title={},
   Quantum circuits and low-degree polynomials over   {${F}_{2}$}. \em Journal of Physics A: Mathematical and Theoretical,   50(8):084002, Jan 2017.  
}

@article{MW05,
  author={Chris Marriott and John Watrous},
  title={Quantum {A}rthur---{M}erlin games},
   Quantum {A}rthur---{M}erlin games. \em Comput. Complex., 14(2):122–152, jun 2005.  
}

@article{nest2008classical,
  author={M~Nest},
  title={{\em arXiv:0811.0898}, 2008},
   Classical simulation of quantum computation, the {G}ottesman-{K}nill   theorem, and slightly beyond. \em arXiv:0811.0898, 2008.  
}

@article{sweke23,
  author={  Marcel Hinsche, and Jonas Haferkamp},
  title={arXiv:2305.05765},
   On the average-case complexity of learning output distributions of   quantum circuits, 2023. \newblock arXiv:2305.05765.  
}

@article{onorati2023efficient,
  author={  Watson},
  title={{\em arXiv:2301.12946}, 2023},
   Efficient learning of ground \& thermal states within phases of   matter. \em arXiv:2301.12946, 2023.  
}

@article{o2015quantum,
  author={Ryan O'Donnell and John Wright},
  title={Quantum spectrum testing},
   Quantum spectrum testing. \newblock In {\em Proceedings of the forty-seventh annual ACM symposium on   Theory of computing}, pages 529--538, 2015.  
}

@article{o2016efficient,
  author={Ryan O'Donnell and John Wright},
  title={Efficient quantum tomography},
   Efficient quantum tomography. \newblock In {\em Proceedings of the forty-eighth annual ACM symposium on   Theory of Computing}, pages 899--912, 2016.  
}

@article{o2017efficient,
  author={Ryan O'Donnell and John Wright},
  title={Efficient quantum tomography ii},
   Efficient quantum tomography ii. \newblock In {\em Proceedings of the 49th Annual ACM SIGACT Symposium on Theory   of Computing}, pages 962--974, 2017.  
}

@article{oprimer,
  author={Ryan O’Donnell and John Wright},
  title={{\em SIGACT News}, 2018},
   A primer on the statistics of longest increasing subsequences and   quantum states. \em SIGACT News, 2018.  
}

@article{Qi2019learningFromGroundState,
  author={Xiao-Liang Qi and Daniel Ranard},
  title={Determining a local {H}amiltonian from a single eigenstate},
   Determining a local {H}amiltonian from a single eigenstate. \em {Quantum}, 3:159, 2019.  
}

@article{DBLP:journals/jacm/Raz19,
  author={Ran Raz},
  title={{\em Journal of the {ACM}}, 66(1):3:1--3:18, 2019},
   Fast learning requires good memory: {A} time-space lower bound for   parity learning. \em Journal of the {ACM}, 66(1):3:1--3:18, 2019.  
}

@article{roetteler1998polynomial,
  author={Martin Roetteler and Thomas Beth},
  title={{\em quant-ph/9812070}, 1998},
   Polynomial-time solution to the hidden subgroup problem for a class   of non-abelian groups. \em quant-ph/9812070, 1998.  
}

@article{reyzin2020statistical,
  author={Lev Reyzin},
  title={{\em arXiv:2004.00557}, 2020},
   Statistical queries and statistical algorithms: Foundations and   applications. \em arXiv:2004.00557, 2020.  
}

@article{rouze2021learning,
  author={Cambyse Rouz{\'e} and Daniel~Stilck Fran{\c{c}}a},
  title={Learning quantum many-body systems from a few copies},
   Learning quantum many-body systems from a few copies. \em arXiv:2107.03333, 2021.  
}

@article{rossi2013quantum,
  author={Matteo Rossi, Marcus Huber, Dagmar Bru{\ss}, and Chiara Macchiavello},
  title={Quantum hypergraph states},
   Quantum hypergraph states. \em New Journal of Physics, 15(11):113022, 2013.  
}

@article{Rebentrost2014quantum,
  author={Patrick Rebentrost, Masoud Mohseni, and Seth Lloyd},
  title={Quantum support vector machine for big data classification},
   Quantum support vector machine for big data classification. \em Phys. Rev. Lett., 113:130503, Sep 2014.  
}

@article{rocchetto2017stabiliser,
  author={Andrea Rocchetto},
  title={Stabiliser states are efficiently {PAC}-learnable},
   Stabiliser states are efficiently {PAC}-learnable. \em arXiv:1705.00345, 2017.  
}

@article{rotteler2009quantum,
  author={Martin R{\"o}tteler},
  title={},
   Quantum algorithms to solve the hidden shift problem for quadratics   and for functions of large {G}owers norm. \newblock In {\em International Symposium on Mathematical Foundations of   Computer Science}, pages 663--674. Springer, 2009.  
}

@article{RS16,
  author={Neil~J. Ross and Peter Selinger},
  title={Optimal ancilla-free {Clifford$+T$} approximation of $z$-rotations},
   Optimal ancilla-free {Clifford$+T$} approximation of $z$-rotations. \em Quantum Information and Computation, 16(11--12):901--953, 2016.  
}

@article{Rebentrost2018svd,
  author={Patrick Rebentrost, Adrian Steffens, Iman Marvian, and Seth Lloyd},
  title={Quantum singular-value decomposition of nonsparse low-rank matrices},
   Quantum singular-value decomposition of nonsparse low-rank matrices. \em Phys. Rev. A, 97:012327, Jan 2018.  
}

@article{rakhlin2015online,
  author={Alexander Rakhlin, Karthik Sridharan, and Ambuj Tewari},
  title={Online learning via sequential complexities},
   Online learning via sequential complexities. \em Journal of Machine Learning Research, 16(1):155--186, 2015.  
}

@article{BK98,
  author={A.~Yu.~Kitaev S.~B.~Bravyi},
  title={{\em Quantum codes on a lattice with boundary}, 1998},
   {\em Quantum codes on a lattice with boundary}, 1998.  
}

@article{Sel15,
  author={Peter Selinger},
  title={Efficient {Clifford$+T$} approximation of single-qubit operators},
   Efficient {Clifford$+T$} approximation of single-qubit operators. \em Quantum Information and Computation, 15(1--2):159--180, 2015.  
}

@article{SHBSGB22,
  author={  Grusdt, and Annabelle Bohrdt},
  title={},
   Quantifying hole-motion-induced frustration in doped antiferromagnets   by hamiltonian reconstruction, 2022.  
}

@article{Schuld2019quantum,
  author={Maria Schuld and Nathan Killoran},
  title={Quantum machine learning in feature {H}ilbert spaces},
   Quantum machine learning in feature {H}ilbert spaces. \em Phys. Rev. Lett., 122:040504, Feb 2019.  
}

@article{silver2017mastering,
  author={  et~al},
  title={Mastering the game of go without human knowledge},
   Mastering the game of go without human knowledge. \em nature, 550(7676):354--359, 2017.  
}

@article{Tanaka1998,
  author={Toshiyuki Tanaka},
  title={Mean-field theory of {B}oltzmann machine learning},
   Mean-field theory of {B}oltzmann machine learning. \em Phys. Rev. E, 58:2302--2310, 1998.  
}

@article{Tang2019quantuminspired,
  author={Ewin Tang},
  title={A quantum-inspired classical algorithm for recommendation systems},
   A quantum-inspired classical algorithm for recommendation systems. \newblock In {\em Proceedings of the 51st Annual ACM SIGACT Symposium on Theory   of Computing}, STOC, page 217–228, 2019.  
}

@article{tang2018quantuminspired,
  author={Ewin Tang},
  title={{\em Physical Review Letters}, 127(6):060503, 2021},
   Quantum principal component analysis only achieves an exponential   speedup because of its state preparation assumptions. \em Physical Review Letters, 127(6):060503, 2021.  
}

@article{takeuchi2019quantum,
  author={Yuki Takeuchi, Tomoyuki Morimae, and Masahito Hayashi},
  title={{\em Scientific Reports}, 9(1):1--14, 2019},
   Quantum computational universality of hypergraph states with   {P}auli-{X} and {Z} basis measurements. \em Scientific Reports, 9(1):1--14, 2019.  
}

@article{DBLP:journals/cacm/Valiant84,
  author={Leslie~G. Valiant},
  title={A theory of the learnable},
   A theory of the learnable. \em Communications of the {ACM}, 27(11):1134--1142, 1984.  
}

@article{vapnik2013nature,
  author={Vladimir Vapnik},
  title={{\em The nature of statistical learning theory}},
   {\em The nature of statistical learning theory}. \newblock Springer science \& business media, 2013.  
}

@article{Interaction_screening,
  author={Marc Vuffray, Sidhant Misra, Andrey Lokhov, and Michael Chertkov},
  title={},
   Interaction screening: Efficient and sample-optimal learning of   {I}sing models. \em Advances in Neural Information Processing Systems, pages   2595--2603, 2016.  
}

@article{verdon2019quantum,
  author={  Hidary},
  title={{\em arXiv:1910.02071}, 2019},
   Quantum hamiltonian-based models and the variational quantum   thermalizer algorithm. \em arXiv:1910.02071, 2019.  
}

@article{vaswani2017attention,
  author={  Aidan~N Gomez, {\L}ukasz Kaiser, and Illia Polosukhin},
  title={Attention is all you need},
   Attention is all you need. \em Advances in neural information processing systems, 30, 2017.  
}

@article{WildA22,
  author={Dominik~S. Wild and Alvaro~M. Alhambra},
  title={Classical simulation of short-time quantum dynamics, 2022},
   Classical simulation of short-time quantum dynamics, 2022.  
}

@article{wiebe2012quantum,
  author={Nathan Wiebe, Daniel Braun, and Seth Lloyd},
  title={Quantum algorithm for data fitting},
   Quantum algorithm for data fitting. \em Phys. Rev. Lett., 109:050505, Aug 2012.  
}

@article{wiebe2014hamiltonian,
  author={Nathan Wiebe, Christopher Granade, Christopher Ferrie, and David~G Cory},
  title={Hamiltonian learning and certification using quantum resources},
   Hamiltonian learning and certification using quantum resources. \em Physical review letters, 112(19):190501, 2014.  
}

@article{WiebeGFC14,
  author={Nathan Wiebe, Christopher Granade, Christopher Ferrie, and David~G Cory},
  title={Hamiltonian learning and certification using quantum resources},
   Hamiltonian learning and certification using quantum resources. \em Physical Review Letters, 112(19):190501, 2014.  
}

@article{wright2016learn,
  author={John Wright},
  title={{\em How to learn a quantum state}},
   {\em How to learn a quantum state}. \newblock PhD thesis, Carnegie Mellon University, 2016.  
}

@article{yatracos1985rates,
  author={Yannis~G Yatracos},
  title={{\em The Annals of Statistics}, 13(2):768--774, 1985},
   Rates of convergence of minimum distance estimators and kolmogorov's   entropy. \em The Annals of Statistics, 13(2):768--774, 1985.  
}

@article{yuen2022improved,
  author={Henry Yuen},
  title={{\em arXiv:2206.11185}, 2022},
   An improved sample complexity lower bound for quantum state   tomography. \em arXiv:2206.11185, 2022.  
}

@article{Zhao2019quantum,
  author={Zhikuan Zhao, Jack~K. Fitzsimons, and Joseph~F. Fitzsimons},
  title={Quantum-assisted gaussian process regression},
   Quantum-assisted gaussian process regression. \em Phys. Rev. A, 99:052331, May 2019.  
}

@article{ZGYN22,
  author={Weishun Zhong, Xun Gao, Susanne~F. Yelin, and Khadijeh Najafi},
  title={},
   Many-body localized hidden born machine, 2022.
}

