@article{Shields1984,
    title = {{Containership Stowage: A Computer-Aided Preplanning System}},
    year = {1984},
    author = {Shields, JJ},
    url = {http://trid.trb.org/view.aspx?id=419881}
}

@article{AvrielMordecaiPenn1993,
    title = {{Exact and approximate solutions of the container ship stowage problem}},
    year = {1993},
    journal = {Industrial Engineering},
    author = {Avriel, Mordecai; and Penn, Michal},
    pages = {271--274},
    volume = {25}
}

@article{Ambrosino2015ExperimentalProblem,
    title = {{Experimental evaluation of mixed integer programming models for the multi-port master bay plan problem}},
    year = {2015},
    journal = {Flexible Services and Manufacturing Journal},
    author = {Ambrosino, Daniela and Paolucci, Massimo and Sciomachen, Anna},
    number = {2-3},
    pages = {263--284},
    volume = {27},
    publisher = {Springer US},
    url = {http://link.springer.com/10.1007/s10696-013-9185-4},
    doi = {10.1007/s10696-013-9185-4},
    issn = {1936-6582},
    keywords = {Maritime logistics, Mathematical programming models, Stowage plans}
}

@inproceedings{Delgado2009,
    title = {{Generating optimal stowage plans for container vessel bays}},
    year = {2009},
    booktitle = {Lecture Notes in Computer Science (including subseries Lecture Notes in Artificial Intelligence and Lecture Notes in Bioinformatics)},
    author = {Delgado, Alberto and Jensen, Rune Møller and Schulte, Christian},
    pages = {6--20},
    volume = {5732 LNCS}
}

@article{Cruz-Reyes2015,
    title = {{Lower and Upper Bounds for the Master Bay Planning Problem}},
    year = {2015},
    journal = {International Journal of Combinatorial Optimization Problems and Informatics},
    author = {Cruz-Reyes, Laura and Hern{\'{a}}ndez, Paula Hernández and Melin, Patricia and Joaqu{\'{i}}n, Héctor and Huacuja, Fraire and Jos{\'{e}}, Héctor and Soberanes, Puga and Javier, Juan and M{\'{e}}xico, Tecnológico Nacional De and Tecnol{\'{o}}gico, Instituto and Madero, De Ciudad and M{\'{e}}xico, Tecnológico Nacional De and Tijuana, Instituto Tecnológico De and California, Baja and Aut{\'{o}}noma, Universidad and Tampico, De Tamaulipas and M{\'{e}}xico, Tecnológico Nacional De and Le{\'{o}}n, Instituto Tecnológico De},
    number = {1},
    pages = {42--52},
    volume = {6},
    keywords = {combinatorial optimization, lower bound, master bay planning problem, upper bound}
}

@article{Chao2021,
    title = {{Minimizing overstowage in master bay plans of large container ships}},
    year = {2021},
    journal = {Maritime Economics and Logistics},
    author = {Chao, Shih Liang and Lin, Pi Hung},
    number = {1},
    pages = {71--93},
    volume = {23},
    publisher = {Palgrave Macmillan UK},
    url = {https://doi.org/10.1057/s41278-019-00126-6},
    isbn = {0123456789},
    doi = {10.1057/s41278-019-00126-6},
    issn = {1479294X},
    keywords = {Containers, Liner shipping, Multi-commodity networks, Stowage planning}
}

@article{Zhang2008,
    title = {{Review of containership stowage plans for full routes}},
    year = {2008},
    journal = {Journal of Marine Science and Application},
    author = {Zhang, Wei Ying and Lin, Yan and Ji, Zhuo Shang and Zhang, Guang Fa},
    pages = {278--285},
    volume = {7},
    doi = {10.1007/s11804-008-7087-8},
    issn = {16719433},
    keywords = {Container, Container shipping, Full routes, Intelligent stowage, Stowage}
}

@article{Azevedo2013,
    title = {{Solution of the 3D Stochastic Stowage Planning for Con-tainer Ships through Representation by Rules}},
    year = {2013},
    journal = {Fourth International {\ldots}},
    author = {Azevedo, Anibal Tavares De and Arruda, Edilson Fernandes De and Leduino, Luiz and Neto, De Salles and Au-, Antônio},
    number = {i},
    pages = {120--129},
    url = {http://www.atlantis-press.com/php/paper-details.php?from=author+index&id=9629&querystr=authorstr=T&publication=eureka-13},
    keywords = {container ship, genetic algorithm, participa-, representation by rules, stochastic stowage planning, tory learning system}
}

@inproceedings{Pacino2010ABays,
    title = {{A 3-Phase Randomized Constraint Based Local Search Algorithm for Stowing Under Deck Locations of Container Vessel Bays}},
    year = {2010},
    author = {Pacino, Dario and Jensen, Rune Møller},
    url = {https://en.itu.dk/-/media/EN/Research/About-ITU-Research/Technical-Reports/2010/ITU-TR-2010-123-pdf},
    isbn = {9788779492059},
    issn = {1600-6100},
    keywords = {Container vessel stowage, delta evaluation, hierarchical decomposition, local search}
}

@book{Pacino2010ABaysb,
    title = {{A 3-phase randomized constraint based local search algorithm for stowing under deck locations of container vessel bays}},
    year = {2010},
    author = {Pacino, Dario and Jensen, Rune Møller 1971-}
}

@article{Sciomachen2007AProductivity,
    title = {{A 3D-BPP approach for optimising stowage plans and terminal productivity}},
    year = {2007},
    journal = {European Journal of Operational Research},
    author = {Sciomachen, Anna and Tanfani, Elena},
    pages = {1433--1446},
    volume = {183},
    isbn = {0377-2217},
    doi = {10.1016/j.ejor.2005.11.067},
    issn = {03772217},
    keywords = {Heuristic methods, Ship loading, Terminal efficiency, Three-dimensional bin packing problem}
}

@article{Delgado2012ABays,
    title = {{A Constraint Programming model for fast optimal stowage of container vessel bays}},
    year = {2012},
    journal = {European Journal of Operational Research},
    author = {Delgado, Alberto and Jensen, Rune Møller and Janstrup, Kira and Rose, Trine Høyer and Andersen, Kent Høj},
    number = {1},
    month = {7},
    pages = {251--261},
    volume = {220},
    url = {https://linkinghub.elsevier.com/retrieve/pii/S0377221712000483},
    doi = {10.1016/j.ejor.2012.01.028},
    issn = {03772217},
    keywords = {Constraint Programming, Container vessel stowage planning, Integer Programming, Slot planning}
}

@article{Ambrosino1998APlans,
    title = {{A Constraint Satisfaction Approach for Master Bay Plans}},
    year = {1998},
    journal = {Transactions on the Built Environment},
    author = {Ambrosino, D and Sciomachen, A},
    pages = {175--184},
    volume = {36},
    url = {www.witpress.com,}
}

@article{Fazi2019AShipping,
    title = {{A decision-support framework for the stowage of maritime containers in inland shipping}},
    year = {2019},
    journal = {Transportation Research Part E: Logistics and Transportation Review},
    author = {Fazi, Stefano},
    number = {February},
    pages = {1--23},
    volume = {131},
    publisher = {Elsevier},
    url = {https://doi.org/10.1016/j.tre.2019.09.008},
    doi = {10.1016/j.tre.2019.09.008},
    issn = {13665545},
    keywords = {Containers, Dry-port, Inland shipping, Metaheuristic, Stability, Stowage}
}

@book{Ajspur2019AModels,
    title = {{A decomposed fourier-motzkin elimination framework to derive vessel capacity models}},
    year = {2019},
    booktitle = {Lecture Notes in Computer Science (including subseries Lecture Notes in Artificial Intelligence and Lecture Notes in Bioinformatics)},
    author = {Ajspur, Mai L. and Jensen, Rune M. and Andersen, Kent H.},
    pages = {85--100},
    volume = {11756 LNCS},
    publisher = {Springer International Publishing},
    url = {http://dx.doi.org/10.1007/978-3-030-31140-7_6},
    isbn = {9783030311391},
    doi = {10.1007/978-3-030-31140-7{\_}6},
    issn = {16113349},
    keywords = {Fourier-Motzkin elimination, Liner shipping, Projection, Vessel capacity model}
}

@article{Ambrosino2006AProblem,
    title = {{A decomposition heuristics for the container ship stowage problem}},
    year = {2006},
    journal = {Journal of Heuristics},
    author = {Ambrosino, Daniela and Sciomachen, Anna and Tanfani, Elena},
    number = {3},
    month = {5},
    pages = {211--233},
    volume = {12},
    url = {http://link.springer.com/10.1007/s10732-006-5905-1 http://link.springer.com/article/10.1007/s10732-006-5905-1},
    doi = {10.1007/s10732-006-5905-1},
    issn = {1381-1231},
    keywords = {0/1 linear programming, Heuristic algorithm, Local search, Stowage plan}
}

@article{Roberti2018APlans,
    title = {{A decomposition method for finding optimal container stowage plans}},
    year = {2018},
    journal = {Transportation Science},
    author = {Roberti, R. and Pacino, D.},
    number = {6},
    pages = {1444--1462},
    volume = {52},
    doi = {10.1287/trsc.2017.0795},
    issn = {15265447},
    keywords = {Column generation, Container stowage, Dynamic programming, Exact methods, Maritime logistics, Mixed-integer programming}
}

@article{Shen2017AProblem,
    title = {{A deep Q-learning network for ship stowage planning problem}},
    year = {2017},
    journal = {Polish Maritime Research},
    author = {Shen, Yifan and Zhao, Ning and Xia, Mengjue and Du, Xueqiang},
    number = {S3},
    pages = {102--109},
    volume = {24},
    doi = {10.1515/pomr-2017-0111},
    issn = {20837429},
    keywords = {Container terminal, Deep Q-Leaning Network (DQN), Generalization, Markov decision process, Ship stowage plan, Value function approximation}
}

@article{Rashed2021AVessels,
    title = {{A Fuzzy Logic-Based Algorithm to Solve the Slot Planning Problem in Container Vessels}},
    year = {2021},
    journal = {Logistics},
    author = {Rashed, Dalia and Eltawil, Amr and Gheith, Mohamed},
    number = {4},
    pages = {67},
    volume = {5},
    doi = {10.3390/logistics5040067},
    keywords = {fuzzy logic, slot planning, stowage planning}
}

@article{Boysen2017AInterference,
    title = {{A generalized classification scheme for crane scheduling with interference}},
    year = {2017},
    journal = {European Journal of Operational Research},
    author = {Boysen, Nils and Briskorn, Dirk and Meisel, Frank},
    number = {1},
    pages = {343--357},
    volume = {258},
    publisher = {Elsevier B.V.},
    url = {http://dx.doi.org/10.1016/j.ejor.2016.08.041},
    doi = {10.1016/j.ejor.2016.08.041},
    issn = {03772217},
    keywords = {Classification, Crane scheduling, Non-crossing constraints, Survey}
}

@article{Boysen2017AInterferenceb,
    title = {{A generalized classification scheme for crane scheduling with interference}},
    year = {2017},
    journal = {European Journal of Operational Research},
    author = {Boysen, Nils and Briskorn, Dirk and Meisel, Frank},
    number = {1},
    pages = {343--357},
    volume = {258},
    publisher = {Elsevier B.V.},
    url = {http://dx.doi.org/10.1016/j.ejor.2016.08.041},
    doi = {10.1016/j.ejor.2016.08.041},
    issn = {03772217},
    keywords = {Classification, Crane scheduling, Non-crossing constraints, Survey}
}

@article{Boysen2017AInterferencec,
    title = {{A generalized classification scheme for crane scheduling with interference}},
    year = {2017},
    journal = {European Journal of Operational Research},
    author = {Boysen, Nils and Briskorn, Dirk and Meisel, Frank},
    number = {1},
    pages = {343--357},
    volume = {258},
    publisher = {Elsevier B.V.},
    url = {http://dx.doi.org/10.1016/j.ejor.2016.08.041},
    doi = {10.1016/j.ejor.2016.08.041},
    issn = {03772217},
    keywords = {Classification, Crane scheduling, Non-crossing constraints, Survey}
}

@article{Serban2017AStrategy,
    title = {{A genetic algorithm for solving a container storage problem using a residence time strategy}},
    year = {2017},
    journal = {Studies in Informatics and Control},
    author = {Serban, Cristina and Carp, Doina},
    number = {1},
    pages = {59--66},
    volume = {26},
    doi = {10.24846/v26i1y201707},
    issn = {1841429X},
    keywords = {Container stacking, Container terminals, Genetic algorithms, Optimization, Residence time strategy}
}

@article{Dubrovsky2002AProblem,
    title = {{A genetic algorithm with a compact solution encoding for the container ship stowage problem}},
    year = {2002},
    journal = {Journal of Heuristics},
    author = {Dubrovsky, Opher and Levitin, Gregory and Penn, Michal},
    number = {6},
    pages = {585--599},
    volume = {8},
    url = {http://link.springer.com/article/10.1023/A:1020373709350},
    doi = {10.1023/A:1020373709350},
    keywords = {Compact solution encoding, Genetic algorithm, Ship stowage}
}

@article{Parreno2016AProblem,
    title = {{A GRASP algorithm for the container stowage slot planning problem}},
    year = {2016},
    journal = {Transportation Research Part E: Logistics and Transportation Review},
    author = {Parre{\~{n}}o, Francisco and Pacino, Dario and Alvarez-Valdes, Ramon},
    pages = {141--157},
    volume = {94},
    doi = {10.1016/j.tre.2016.07.011},
    issn = {13665545},
    keywords = {Container vessel stowage planning, GRASP, Heuristic algorithms, Integer programming, Slot planning}
}

@article{Jovanovic2019APlan,
    title = {{A GRASP approach for solving the Blocks Relocation Problem with Stowage Plan}},
    year = {2019},
    journal = {Flexible Services and Manufacturing Journal},
    author = {Jovanovic, Raka and Tanaka, Shunji and Nishi, Tatsushi and Vo{\ss}, Stefan},
    number = {3},
    volume = {31},
    doi = {10.1007/s10696-018-9320-3},
    issn = {19366590}
}

@article{Tuan2016APlans,
    title = {{A Heuristic Algorithm for Generating Stowage Plans}},
    year = {2016},
    journal = {17th APIEMS conference},
    author = {Tuan, Cao Hoang and Park, Sejin and Hong, Soondo and Kim, Kap Hwan},
    keywords = {container terminal, heuristic algorithm, ship operation, stowage plan}
}

@article{IMAI1989AShip,
    title = {{A Heuristic Algorithm with Expected Utility for an Optimal Sequence of Loading Containers into a Containerized Ship}},
    year = {1989},
    journal = {The Journal of Japan Institute of Navigation},
    author = {IMAI, Akio and MIKI, Tatehiko},
    number = {0},
    volume = {80},
    doi = {10.9749/jin.80.117},
    issn = {0388-7405}
}

@article{IMAI1989AShipb,
    title = {{A Heuristic Algorithm with Expected Utility for an Optimal Sequence of Loading Containers into a Containerized Ship}},
    year = {1989},
    journal = {The Journal of Japan Institute of Navigation},
    author = {IMAI, Akio and MIKI, Tatehiko},
    number = {0},
    volume = {80},
    doi = {10.9749/jin.80.117},
    issn = {0388-7405}
}

@article{Larsen2021AProblem,
    title = {{A heuristic and a benchmark for the stowage planning problem}},
    year = {2021},
    journal = {Maritime Economics and Logistics},
    author = {Larsen, Rune and Pacino, Dario},
    number = {1},
    pages = {94--122},
    volume = {23},
    doi = {10.1057/s41278-020-00172-5},
    issn = {1479294X},
    keywords = {ALNS, Benchmark, Liner shipping, Optimisation, Stowage planning}
}

@article{Yaagoubi2020AAlgorithm,
    title = {{A heuristic approach for solving container-on-barge stowage planning problem based on bin-packing first-fit algorithm}},
    year = {2020},
    journal = {Proceedings - 2020 5th International Conference on Logistics Operations Management, GOL 2020},
    author = {Yaagoubi, Amina El and El Hilali Alaoui, Ahmed and Boukachour, Jaouad},
    isbn = {9781728164250},
    doi = {10.1109/GOL49479.2020.9314748},
    keywords = {Barge, Bin-packing problem, Container, First-Fit algorithm, Fragility, Loading, Shifting, Stability, Stowage planning heuristic, Unloading}
}

@article{Thuy2009ARoute,
    title = {{A Heuristic Approach for the Containership Stowage Problem in Multiple Port-of-call Route}},
    year = {2009},
    journal = {The Journal of Japan Institute of Navigation},
    author = {Thuy, Nguyen Thanh and Nishimura, Etsuko and Imai, Akio},
    number = {0},
    pages = {157--164},
    volume = {120},
    doi = {10.9749/jin.120.157},
    issn = {0388-7405}
}

@article{DeAzevedo2017AStability,
    title = {{A Linear Integer Mathematical Model for Stowage Planning with Ship Stability}},
    year = {2017},
    author = {De Azevedo, Anibal and De Salles Neto, Luiz Leduino and Chaves, Antônio Augusto and Moretti, Antônio Carlos},
    pages = {1--7},
    volume = {5},
    doi = {10.5540/03.2017.005.01.0394},
    keywords = {integer programming, ship stability, stowage planning}
}

@article{Cruz-Reyes2014AProblem,
    title = {{A Loading Procedure for the Containership Stowage Problem}},
    year = {2014},
    author = {Cruz-Reyes, Laura and Hern{\'{a}}ndez, Paula and Melin, Patricia and Joaqu{\'{i}}n Fraire Huacuja, Héctor and Mar-Ortiz, Julio and Puga Soberanes, Héctor José and Gonz{\'{a}}lez Barbosa, Juan Javier and {Abstract}},
    volume = {547},
    url = {http://link.springer.com/10.1007/978-3-319-05170-3},
    isbn = {978-3-319-05169-7},
    doi = {10.1007/978-3-319-05170-3}
}

@article{Bilican2020AParameters,
    title = {{A Mathematical Model and Two-Stage Heuristic for the Container Stowage Planning Problem with Stability Parameters}},
    year = {2020},
    journal = {IEEE Access},
    author = {Bilican, Mevlut Savas and Evren, Ramazan and Karatas, Mumtaz},
    pages = {113392--113413},
    volume = {8},
    doi = {10.1109/ACCESS.2020.3003557},
    issn = {21693536},
    keywords = {Container stowage plan, mixed integer linear programming, over-stow, stability}
}

@article{Moura2013AProblem,
    title = {{A Mathematical Model for the Container Stowage and Ship Routing Problem}},
    year = {2013},
    journal = {Journal of Mathematical Modelling and Algorithms},
    author = {Moura, Ana and Oliveira, Jorge and Pimentel, Carina},
    number = {3},
    pages = {217--231},
    volume = {12},
    doi = {10.1007/s10852-012-9207-3},
    issn = {15701166},
    keywords = {3D-Packing problem, Container stowage problem, Mixed integer programming, Vehicle routing problem}
}

@article{Moura2013AProblemb,
    title = {{A Mathematical Model for the Container Stowage and Ship Routing Problem}},
    year = {2013},
    journal = {Journal of Mathematical Modelling and Algorithms},
    author = {Moura, Ana and Oliveira, Jorge and Pimentel, Carina},
    number = {3},
    month = {9},
    pages = {217--231},
    volume = {12},
    doi = {10.1007/s10852-012-9207-3},
    issn = {15701166},
    keywords = {3D-Packing problem, Container stowage problem, Mixed integer programming, Vehicle routing problem}
}

@article{Christensen2017AStowage,
    title = {{A matheuristic for the Cargo Mix Problem with Block Stowage}},
    year = {2017},
    journal = {Transportation Research Part E: Logistics and Transportation Review},
    author = {Christensen, J. and Pacino, D.},
    volume = {97},
    doi = {10.1016/j.tre.2016.10.005},
    issn = {13665545},
    keywords = {Block stowage, Cargo composition, Liner shipping, Maritime logistic, Matheuristic, Stowage planning}
}

@incollection{Liang2016ABays,
    title = {{A Method Based on SNSO for Solving Slot Planning Problem of Container Vessel Bays}},
    year = {2016},
    booktitle = {International Conference on Internet and Distributed Computing Systems},
    author = {Liang, Xiaolei and Li, Bin and Li, Wenfeng and Zhang, Yu and Yang, Lin and Borean, Claudio and Giannantonio, Roberta and Mamei, Marco and Mana, Dario and Sassi, Andrea and B, Franco Zambonelli},
    pages = {143--154},
    volume = {9864},
    publisher = {Springer International Publishing},
    url = {http://link.springer.com/10.1007/978-3-319-23237-9 http://link.springer.com/10.1007/978-3-319-45940-0_21},
    isbn = {978-3-319-23236-2},
    doi = {10.1007/978-3-319-23237-9},
    keywords = {auditor, cloud computing, ddos attack, dempster shafer theory, dos attack, dst, third party, tpa}
}

@misc{Davidor1997APlan,
    title = {{A method for Determining a Vessel Stowage Plan}},
    year = {1997},
    author = {Davidor, Yuval}
}

@article{Ambrosino2015APlanning,
    title = {{A MIP Heuristic for Multi Port Stowage Planning}},
    year = {2015},
    journal = {Transportation Research Procedia},
    author = {Ambrosino, Daniela and Paolucci, Massimo and Sciomachen, Anna},
    number = {July},
    pages = {725--734},
    volume = {10},
    publisher = {Elsevier B.V.},
    url = {http://linkinghub.elsevier.com/retrieve/pii/S2352146515002136},
    doi = {10.1016/j.trpro.2015.09.026},
    issn = {23521465}
}

@article{Ning2009AFeet,
    title = {{A Model for the Stowage Planning of 40 Feet}},
    year = {2009},
    journal = {International Journal of Information Systems for Logistics and Management},
    author = {Ning, Zhao and Weijian, Mi},
    number = {2},
    pages = {41--49},
    volume = {4},
    keywords = {container terminal, multi-objective integer linear programming, ship, stowage planning}
}

@article{Gumus2008AProblem,
    title = {{A multi-stage decomposition heuristic for the container stowage problem}},
    year = {2008},
    journal = {Proceedings of the 2008 {\ldots}},
    author = {Gumus, M and Kaminsky, P and Tiemroth, E and Ayik, M},
    pages = {1--7},
    url = {http://citeseerx.ist.psu.edu/viewdoc/download?doi=10.1.1.139.1001&rep=rep1&type=pdf},
    isbn = {1018528520}
}

@article{Lee2018APlanning,
    title = {{A Near-Optimal Algorithm for Constraint Test Ordering in Automated Stowage Planning}},
    year = {2018},
    journal = {IEEE Transactions on Automation Science and Engineering},
    author = {Lee, Zhuo Qi and Fan, Rui and Hsu, Wen Jing},
    number = {3},
    pages = {1298--1308},
    volume = {15},
    publisher = {IEEE},
    doi = {10.1109/TASE.2017.2779470},
    issn = {15455955},
    keywords = {Automation, Markov processes, logistics, optimization methods, testing}
}

@inproceedings{Wei2009AStowage,
    title = {{A new algorithm for container ship's stowage}},
    year = {2009},
    booktitle = {IJCAI International Joint Conference on Artificial Intelligence},
    author = {Wei, Jia Jun},
    pages = {425--427},
    isbn = {9780769536156},
    doi = {10.1109/JCAI.2009.153},
    issn = {10450823},
    keywords = {Best fit decreasing algorithm, Bin packing problem, First fit decreasing algorithm, Revised best fit decreasing algorithm, Words container ship's stowage}
}

@article{Ambrosino2009AProblem,
    title = {{A new three-step heuristic for the Master Bay Plan Problem}},
    year = {2009},
    journal = {Maritime Economics and Logistics},
    author = {Ambrosino, Daniela and Anghinolfi, Davide and Paolucci, Massimo and Sciomachen, Anna},
    number = {1},
    pages = {98--120},
    volume = {11},
    doi = {10.1057/mel.2008.19},
    issn = {14792931},
    keywords = {Combinatorial optimization, Heuristics, Maritime logistics, Stowage plans, Tabu search}
}

@article{Zhao2016ATerminals,
    title = {{A novel strategy for stowage planning of 40 feet containers in container terminals}},
    year = {2016},
    journal = {Journal of Marine Science and Technology (Taiwan)},
    author = {Zhao, Ning and Shen, Yifan and Xia, Mengjue and Jin, Jian},
    number = {1},
    pages = {61--74},
    volume = {24},
    doi = {10.6119/JMST-016-0125-9},
    issn = {10232796},
    keywords = {Container terminal, Integer programming, Loading efficiency, Stowage planning, Stowage quality}
}

@article{Delgado2012AStowage,
    title = {{A placement heuristic for a commercial decision support system for container vessel stowage}},
    year = {2012},
    journal = {38th Latin America Conference on Informatics, CLEI 2012 - Conference Proceedings},
    author = {Delgado, Alberto and Jensen, Rune Møller and Guilbert, Nicolas},
    isbn = {9781467307932},
    doi = {10.1109/CLEI.2012.6427181},
    keywords = {Stowage planning, heuristic methods, linear programming}
}

@article{DeweyEldridgeBeliech1974AShips,
    title = {{A proposed method for efficient pre-load planning for containerized cargo ships}},
    year = {1974},
    author = {Dewey Eldridge Beliech, Jr.},
    keywords = {berth allocation}
}

@article{Christensen2019AProblem,
    title = {{A rolling horizon heuristic for the stochastic cargo mix problem}},
    year = {2019},
    journal = {Transportation Research Part E: Logistics and Transportation Review},
    author = {Christensen, J. and Erera, A. and Pacino, D.},
    volume = {123},
    doi = {10.1016/j.tre.2018.10.010},
    issn = {13665545},
    keywords = {Block stowage, Cargo composition, Liner shipping, Maritime logistic, Matheuristic, Rolling horizon, Stochastic optimisation, Stowage planning}
}

@inproceedings{Rahsed2019AProblem,
    title = {{A Rule-based Greedy Algorithm to Solve Stowage Planning Problem}},
    year = {2019},
    booktitle = {IEEE International Conference on Industrial Engineering and Engineering Management},
    author = {Rahsed, D M and Gheith, M S and Eltawil, A B},
    pages = {437--441},
    volume = {2019-Decem},
    publisher = {IEEE},
    isbn = {9781538667866},
    doi = {10.1109/IEEM.2018.8607517},
    issn = {2157362X},
    keywords = {Rule-based Greedy Algorithm, Shifts, Single Bay, Vessel Stowage Planning}
}

@article{Ambrosino2021AContainers,
    title = {{A shipping line stowage-planning procedure in the presence of hazardous containers}},
    year = {2021},
    journal = {Maritime Economics and Logistics},
    author = {Ambrosino, Daniela and Sciomachen, Anna},
    number = {1},
    pages = {49--70},
    volume = {23},
    doi = {10.1057/s41278-018-0107-y},
    issn = {1479294X},
    keywords = {Hazardous containers, International Maritime Dangerous Goods, Liner shipping, Segregation tables, Shipping alliances, Stowage plans}
}

@article{Ambrosino2021AContainersb,
    title = {{A shipping line stowage-planning procedure in the presence of hazardous containers}},
    year = {2021},
    journal = {Maritime Economics and Logistics},
    author = {Ambrosino, Daniela and Sciomachen, Anna},
    number = {1},
    pages = {49--70},
    volume = {23},
    doi = {10.1057/s41278-018-0107-y},
    issn = {1479294X},
    keywords = {Hazardous containers, International Maritime Dangerous Goods, Liner shipping, Segregation tables, Shipping alliances, Stowage plans}
}

@phdthesis{Kaisar2006ATRANSPORTATION,
    title = {{A STOWAGE PLANNING MODEL FOR MULTIPORT CONTAINER TRANSPORTATION}},
    year = {2006},
    booktitle = {University of Maryland},
    author = {Kaisar, Evangelos I.},
    url = {http://drum.lib.umd.edu/handle/1903/9139}
}

@inproceedings{Li2017ARiver,
    title = {{A two-phase approach for inland container ship stowage on full route on Yangtze River}},
    year = {2017},
    booktitle = {2017 4th International Conference on Transportation Information and Safety, ICTIS 2017 - Proceedings},
    author = {Li, Jun and Zhang, Yu and Ji, Sanyou},
    isbn = {9781538604373},
    doi = {10.1109/ICTIS.2017.8047859},
    keywords = {GRASP, heuristic evolutionary strategy, inland container transportation, multi-objective optimization, route stowage, two-level planning}
}

@article{Pacino2012AnTanks,
    title = {{An accurate model for seaworthy container vessel stowage planning with ballast tanks}},
    year = {2012},
    journal = {Lecture Notes in Computer Science (including subseries Lecture Notes in Artificial Intelligence and Lecture Notes in Bioinformatics)},
    author = {Pacino, Dario and Delgado, Alberto and Jensen, Rune Møller and Bebbington, Tom},
    pages = {17--32},
    volume = {7555 LNCS},
    isbn = {9783642335860},
    doi = {10.1007/978-3-642-33587-7{\_}2},
    issn = {03029743}
}

@article{Jin2019AnBay,
    title = {{An AIMMS-based decision-making model for optimizing the intelligent stowage of export containers in a single bay}},
    year = {2019},
    journal = {Discrete and Continuous Dynamical Systems - Series S},
    author = {Jin, Jian and Mi, Weijian},
    number = {4-5},
    pages = {1101--1115},
    volume = {12},
    doi = {10.3934/dcdss.2019076},
    issn = {19371179},
    keywords = {AIMMS decision-making models, Container terminals, Single bay stowage, Stowage plans}
}

@article{HernandezHernandez2013AnProblem,
    title = {{An ant colony algorithm for improving ship stability in the containership stowage problem}},
    year = {2013},
    journal = {Lecture Notes in Computer Science (including subseries Lecture Notes in Artificial Intelligence and Lecture Notes in Bioinformatics)},
    author = {Hern{\'{a}}ndez Hern{\'{a}}ndez, Paula and Cruz-Reyes, Laura and Melin, Patricia and Mar-Ortiz, Julio and Fraire Huacuja, Héctor Joaquín and Puga Soberanes, Héctor José and Gonz{\'{a}}lez Barbosa, Juan Javier},
    number = {PART 2},
    pages = {93--104},
    volume = {8266 LNAI},
    isbn = {9783642451102},
    doi = {10.1007/978-3-642-45111-9{\_}8},
    issn = {03029743},
    keywords = {Ant colony optimization, Containership stowage problem, Hyperheuristic approach}
}

@article{Low2009AnContainerships,
    title = {{An automated stowage planning system for large containerships}},
    year = {2009},
    journal = {In Proceedings of the 4th Virtual International Conference on Intelligent Production Machines and Systems (IPROMS)},
    author = {Low, Malcom Y. H. and Xiao, Xiantao and Liu, Fan and Huang, Shell Ying and Hsu, Wen Jing and Li, Zhengping},
    url = {http://citeseerx.ist.psu.edu/viewdoc/summary?doi=10.1.1.211.8027},
    keywords = {automation, containership, stowage planning}
}

@article{Xiao2009AnConsideration,
    title = {{An Efficient Block-Based Heuristic Method for Stowage Planning of Large Containerships with Crane Split Consideration}},
    year = {2009},
    author = {Xiao, Xiantao},
    number = {c},
    url = {http://citeseerx.ist.psu.edu/viewdoc/summary?doi=10.1.1.211.8590},
    keywords = {block stowage, crane split, stowage planning}
}

@article{Hern2015AnProblem,
    title = {{An Efficient Representation Scheme of Candidate Solutions for the Master Bay Planning Problem}},
    year = {2015},
    author = {Hern, Paula and Cruz-reyes, Laura and Melin, Patricia and Mar-ortiz, Julio},
    pages = {441--453},
    volume = {601},
    url = {http://link.springer.com/10.1007/978-3-319-17747-2},
    isbn = {978-3-319-17746-5},
    doi = {10.1007/978-3-319-17747-2}
}

@incollection{Ambrosino2010AnProblem,
    title = {{An Experimental Comparison of Different Heuristics for the Master Bay Plan Problem}},
    year = {2010},
    booktitle = {Experimental Algorithms},
    author = {Ambrosino, Daniela and Anghinolfi, Davide and Paolucci, Massimo and Sciomachen, Anna},
    pages = {314--325},
    volume = {6049},
    publisher = {Springer Berlin Heidelberg},
    url = {http://link.springer.com/10.1007/978-3-642-13193-6_27},
    doi = {10.1007/978-3-642-13193-6{\_}27},
    keywords = {heuristics, metaheuristics, stowage plans}
}

@inproceedings{Dillingham1989AnPlanning,
    title = {{An expert system for container stowage planning}},
    year = {1989},
    booktitle = {4th Ship Technology and research (STRAR) symposium},
    author = {Dillingham, Jeffrey and John, Dumbleton},
    pages = {2--2}
}

@article{Li2008AnProblem,
    title = {{An integer linear programming for container stowage problem}},
    year = {2008},
    journal = {Computational Science–ICCS 2008},
    author = {Li, Feng and Tian, Chunhua and Cao, Rongzeng and Ding, Wei},
    pages = {853--862},
    url = {http://link.springer.com/chapter/10.1007/978-3-540-69384-0_90},
    keywords = {container stowage planning, integer programming}
}

@article{Junqueira2020AnProblems,
    title = {{An Integrated Optimization Model for the Multi-Port Stowage Planning and the Container Relocation Problems}},
    year = {2020},
    author = {Junqueira, Catarina and Qui{\~{n}}ones, Miguel Paredes and de Azevedo, Anibal Tavares and Rocco, Cleber Damião and Ohishi, Takaaki},
    url = {http://arxiv.org/abs/2006.06795},
    arxivId = {2006.06795}
}

@incollection{Pacino2013AnPlanning,
    title = {{An LNS Approach for Container Stowage Multi-port Master Planning}},
    year = {2013},
    booktitle = {Computational Logistics},
    author = {Pacino, Dario},
    pages = {35--44},
    url = {http://link.springer.com/10.1007/978-3-642-41019-2_3},
    doi = {10.1007/978-3-642-41019-2{\_}3}
}

@article{Feng2007AnShipping,
    title = {{An Optimal Slot Allocation in Intra Asia Service for Liner Shipping}},
    year = {2007},
    journal = {Proceedings of the Eastern Asia Society for Transportation Studies},
    author = {Feng, Cheng-min and Chang, Chia-Hui and Chow, I-Chang},
    number = {2007},
    pages = {1--11},
    volume = {6},
    keywords = {liner shipping, revenue management, slot allocation}
}

@techreport{Roest2018AnalysisStudy,
    title = {{Analysis and modelling of the inland container ship stowage process: A case study}},
    year = {2018},
    author = {Roest, Wayne}
}

@article{Msakni2020AnalyzingStudy,
    title = {{Analyzing different designs of liner shipping feeder networks: A case study}},
    year = {2020},
    journal = {Transportation Research Part E: Logistics and Transportation Review},
    author = {Msakni, Mohamed Kais and Fagerholt, Kjetil and Meisel, Frank and Lindstad, Elizabeth},
    month = {2},
    volume = {134},
    publisher = {Elsevier Ltd},
    doi = {10.1016/j.tre.2020.101839},
    issn = {13665545},
    keywords = {Feeder network, Hub-and-spoke, Liner shipping network design, Maritime transportation, Mathematical programming}
}

@article{Delgado2011AngelStowPlanning,
    title = {{AngelStow : A Commercial Optimization-Based Decision Support Tool for Stowage Planning}},
    year = {2011},
    journal = {2nd International Conference on Computational Logistics},
    author = {Delgado, Alberto and Jensen, Rune Møller and Guilbert, Nicolas},
    url = {https://pure.itu.dk/ws/files/32303601/abstract.pdf}
}

@article{Chou2021ApplyingStudy,
    title = {{Applying expert knowledge to containership stowage planning: an empirical study}},
    year = {2021},
    journal = {Maritime Economics and Logistics},
    author = {Chou, Chien Chang and Fang, Pao Yi},
    number = {1},
    pages = {4--27},
    volume = {23},
    publisher = {Palgrave Macmillan UK},
    url = {https://doi.org/10.1057/s41278-018-0113-0},
    doi = {10.1057/s41278-018-0113-0},
    issn = {1479294X},
    keywords = {Containership, Expert knowledge, Maritime logistics, Stowage planning, Transportation economics}
}

@article{Kemp2003ArtificialOptimisation,
    title = {{Artificial Intelligence for Automatic Container Stowage Planning Optimisation}},
    year = {2003},
    journal = {Ship Technology Research},
    author = {Kemp, Samuel E. and Roach, Paul A. and Ware, Andrew J. and Wilson, Ian D.},
    number = {4},
    pages = {151--156},
    volume = {50},
    doi = {10.1179/str.2003.50.4.002},
    issn = {0937-7255}
}

@article{Zeng2010AutomatedStability,
    title = {{Automated stowage planning for large containerships with improved safety and stability}},
    year = {2010},
    journal = {Proceedings of the {\ldots}},
    author = {Zeng, Min and Low, MYH and Hsu, WJ and Huang, SY},
    pages = {1976--1989},
    url = {http://dl.acm.org/citation.cfm?id=2433753},
    isbn = {9781424498642}
}

@book{deAzevedo2022AutomaticOperations,
    title = {{Automatic Generator of Loading Rules and Its Applications on Logistics Operations}},
    year = {2022},
    booktitle = {Lecture Notes in Networks and Systems},
    author = {de Azevedo, Anibal Tavares},
    pages = {141--150},
    volume = {332},
    publisher = {Springer International Publishing},
    url = {http://dx.doi.org/10.1007/978-3-030-86887-1_13},
    isbn = {9783030868864},
    doi = {10.1007/978-3-030-86887-1{\_}13},
    issn = {23673389},
    keywords = {Loading rules, Logistics operations, Stowage planning problem}
}

@inproceedings{Conca2018AutomationPlanning,
    title = {{Automation in freight port call process: Real time data sharing to improve the stowage planning}},
    year = {2018},
    booktitle = {Transportation Research Procedia},
    author = {Conca, Andrea and Febbraro, Angela Di and Giglio, Davide and Rebora, Francesco},
    volume = {30},
    doi = {10.1016/j.trpro.2018.09.009},
    issn = {23521465}
}

@article{Nugroho2004Case-basedShips,
    title = {{Case-based stowage planning for container ships}},
    year = {2004},
    journal = {The Int. Logistics Congress},
    author = {Nugroho, Setyo},
    number = {December 2004},
    pages = {2- 3},
    url = {http://scholar.google.com/scholar?hl=en&btnG=Search&q=intitle:Case-Based+Stowage+Planning+for+Container+Ships#0},
    keywords = {case based reasoning, container ships, fuzzy set theory, stowage planning}
}

@article{Nugroho2005Case-BasedSystem,
    title = {{Case-Based Stowage Planning System}},
    year = {2005},
    journal = {WIT transactions on the built environment},
    author = {Nugroho, Setyo},
    number = {April},
    pages = {361--370},
    volume = {79}
}

@article{Nugroho2005CASESTOW:Plans,
    title = {{CASESTOW: Recycling of past stowage plans}},
    year = {2005},
    journal = {1st International Conference on Operations and Supply Chain Management, Bali},
    author = {Nugroho, Setyo},
    number = {October},
    url = {https://www.researchgate.net/publication/309397514},
    keywords = {case-based reasoning, container shipping, fuzzy set theory, stowage planning, theory of bounded rationality}
}

@article{Yi2019CollaborativeShip,
    title = {{Collaborative stowage planning problem for a liner ship}},
    year = {2019},
    journal = {International Journal of Shipping and Transport Logistics},
    author = {Yi, Wen and Wang, Wencheng and Hu, Yi and Li, Miao and Zhen, Lu},
    number = {2-3},
    pages = {176--195},
    volume = {11},
    doi = {10.1504/IJSTL.2019.099272},
    issn = {17566525},
    keywords = {Container liner ship, Maritime logistics, Port operations, Stowage planning}
}

@phdthesis{Aslidis1989CombinatorialProblems,
    title = {{Combinatorial algorithms for stacking problems}},
    year = {1989},
    author = {Aslidis, Anastasios Haralampos},
    pages = {1--243}
}

@article{Hu2012CombinatorialTerminal,
    title = {{Combinatorial Optimization and Strategy for Ship Stowage and Loading Schedule of Container Terminal}},
    year = {2012},
    journal = {Journal of Computers},
    author = {Hu, Wenbin and Hu, Zhengbing and Shi, Lei and Luo, Peng and Song, Wei},
    number = {8},
    month = {8},
    pages = {2078--2092},
    volume = {7},
    url = {http://ojs.academypublisher.com/index.php/jcp/article/view/8182},
    doi = {10.4304/jcp.7.8.2078-2092},
    issn = {1796-203X}
}

@article{Hu2012CombinatorialTerminalb,
    title = {{Combinatorial optimization and strategy for ship stowage and loading schedule of container terminal}},
    year = {2012},
    journal = {Journal of Computers},
    author = {Hu, Wenbin and Hu, Zhengbing and Shi, Lei and Luo, Peng and Song, Wei},
    number = {8},
    pages = {2078--2092},
    volume = {7},
    doi = {10.4304/jcp.7.8.2078-2092},
    issn = {1796203X},
    keywords = {GA, Greedy algorithm, Heuristic information, Scheduling strategy, Ship loading and stowage}
}

@article{Ambrosino2015ComputationalProblems,
    title = {{Computational evaluation of a MIP model for multi-port stowage planning problems}},
    year = {2015},
    journal = {Soft Computing},
    author = {Ambrosino, Daniela and Paolucci, Massimo and Sciomachen, Anna},
    publisher = {Springer Berlin Heidelberg},
    doi = {10.1007/s00500-015-1879-y},
    issn = {1433-7479},
    keywords = {Combinatorial optimization problem, Computational evaluation, Mixed integer linear programming model, Stowage plans, combinatorial optimization, computational evaluation, mixed integer linear programming, model, problem, stowage plans}
}

@article{Martin1988ComputerizedEvaluation,
    title = {{Computerized container-ship load planning: A methodology and evaluation}},
    year = {1988},
    journal = {Computers and Industrial Engineering},
    author = {Martin, Gifford L. and Randhawa, Sabah U. and McDowell, Edward D.},
    number = {4},
    pages = {429--440},
    volume = {14},
    doi = {10.1016/0360-8352(88)90045-9},
    issn = {03608352}
}

@techreport{Martin1982ConPrivacy,
    title = {{Con tainership Load Planning Heuristic for a Transtainer Based Con-tainer Port Redacted for Privacy}},
    year = {1982},
    author = {Martin, Gifford L}
}

@article{Dario2012Constraint-basedPlanning,
    title = {{Constraint-based local search for container stowage slot planning}},
    year = {2012},
    journal = {Lecture Notes in Engineering and Computer Science},
    author = {Dario, Pacino and Jensen, Rune Moller},
    pages = {1467--1472},
    volume = {2196},
    isbn = {9789881925190},
    issn = {20780958},
    keywords = {Constraint-based local search, Container-stowage, Slot planning}
}

@article{Kamieniev2019ConstructionContainership,
    title = {{Construction of a mathematical model and a method for arranging hazardous cargoes on a containership}},
    year = {2019},
    journal = {Eastern-European Journal of Enterprise Technologies},
    author = {Kamieniev, K. and Kamienieva, A. and Tsymbal, M.},
    number = {3-102},
    pages = {20--27},
    volume = {6},
    doi = {10.15587/1729-4061.2019.183385},
    issn = {17294061}
}

@article{Cruz-reyes2013ConstructivePlanning,
    title = {{Constructive Algorithm for a Benchmark in Ship Stowage Planning}},
    year = {2013},
    author = {Cruz-reyes, Laura and H, Paula Hernández and Melin, Patricia and H, Héctor J Fraire and O, Julio Mar},
    pages = {393--408}
}

@article{Zhao2018ContainerSearch,
    title = {{Container Ship Stowage Based on Monte Carlo Tree Search}},
    year = {2018},
    journal = {Journal of Coastal Research},
    author = {Zhao, Ning and Guo, Yuechao and Xiang, Tianyu and Xia, Mengjue and Shen, Yifan and Mi, Chao},
    pages = {540--547},
    volume = {83},
    doi = {10.2112/SI83-090.1},
    issn = {15515036},
    keywords = {Container terminal, Monte Carlo Tree Search (MCTS)., intelligentization, ship stowage}
}

@article{Avriel2000ContainerGraphs,
    title = {{Container ship stowage problem: complexity and connection to the coloring of circle graphs}},
    year = {2000},
    journal = {Discrete Applied Mathematics},
    author = {Avriel, Mordecai and Penn, Michal and Shpirer, Naomi},
    number = {1-3},
    month = {7},
    pages = {271--279},
    volume = {103},
    url = {https://linkinghub.elsevier.com/retrieve/pii/S0166218X99002450},
    doi = {10.1016/S0166-218X(99)00245-0},
    issn = {0166218X}
}

@phdthesis{Nan2011ContainerA1-250,
    title = {{Container Stowage Planning for Mobile Harbor A1-250}},
    year = {2011},
    author = {Nan, Chunhua}
}

@article{Wilson2000ContainerSolutions,
    title = {{Container stowage planning: a methodology for generating computerised solutions}},
    year = {2000},
    journal = {Journal of the Operational Research Society},
    author = {Wilson, I D and Roach, P A},
    number = {11},
    month = {11},
    pages = {1248--1255},
    volume = {51},
    url = {https://www.tandfonline.com/doi/full/10.1057/palgrave.jors.2601022},
    doi = {10.1057/palgrave.jors.2601022},
    issn = {0160-5682}
}

@article{Wilson2001ContainerStudy,
    title = {{Container stowage pre-planning: using search to generate solutions, a case study}},
    year = {2001},
    journal = {Knowledge-Based Systems},
    author = {Wilson, ID and Roach, PA and Ware, JA},
    number = {3-4},
    pages = {137--145},
    volume = {14},
    url = {http://www.sciencedirect.com/science/article/pii/S0950705101000909},
    keywords = {Container, Planning, Transportation}
}

@article{Martins2009ContainerShipping,
    title = {{Container Stowage Problem Solution for Short Sea Shipping}},
    year = {2009},
    journal = {14{\textordmasculine} Congresso da Associa{\c{c}}{\~{a}}o Portuguesa de An{\'{a}}lise Operacional},
    author = {Martins, Paulo Triunfante and Lobo, Victor J a S and Vairinhos, Valter},
    number = {2001},
    pages = {1--8},
    keywords = {container stowage problem, genetic algorithms, master bay plan, short sea shipping}
}

@article{Martins2009ContainerShippingb,
    title = {{Container Stowage Problem Solution for Short Sea Shipping}},
    year = {2009},
    journal = {Proceedings of IO 2009 - 14 Congresso da APDIO},
    author = {Martins, Paulo Triunfante and Lobo, Victor J A S and Vairinhos, Valter},
    keywords = {container stowage problem, genetic algorithms, master bay plan, short sea shipping}
}

@inproceedings{Yurtseven2018ContainerAlgorithms,
    title = {{Container vessel stowage plan using genetic , hill-climbing and simulated annealing algorithms}},
    year = {2018},
    booktitle = {Marine Design XIII : Proceedings of the 13th International Marine Design Conference (IMDC)},
    author = {Yurtseven, M A and Boulougouris, E and Turan, O}
}

@misc{Guilbert2010ContainerPlanning,
    title = {{Container vessel stowage planning}},
    year = {2010},
    author = {Guilbert, Nicolas and Paquin, Benoit}
}

@book{Jensen2018ContainerPlanning,
    title = {{Container Vessel Stowage Planning}},
    year = {2018},
    author = {Jensen, Rune Møller and Pacino, Dario and Ajspur, Mai Lise and Vesterdal, Claus},
    publisher = {Weilbach}
}

@inproceedings{Cohen2017ContainerAlgorithm,
    title = {{Container Vessel Stowage Planning System Using Genetic Algorithm}},
    year = {2017},
    booktitle = {European Conference on the Applications of Evolutionary Computation},
    author = {Cohen, Miri Weiss and Coelho, Nazário Vitor and Dahan, Adi and Kaspi, Izzik},
    number = {February},
    pages = {689--704},
    volume = {1},
    url = {https://www.researchgate.net/publication/316714412},
    isbn = {9783319558493},
    doi = {10.1007/978-3-319-55849-3},
    keywords = {Multi-objective optimization {\textperiodcentered} NSGA-2 {\textperiodcentered}, Preference-based learning {\textperiodcentered}, Solution selection}
}

@article{Helo2021ContainershipIndicators,
    title = {{Containership cargo profiles, cargo systems, and stowage capacity: key performance indicators}},
    year = {2021},
    journal = {Maritime Economics and Logistics},
    author = {Helo, Petri and Paukku, Henri and Sairanen, Tero},
    number = {1},
    pages = {28--48},
    volume = {23},
    publisher = {Palgrave Macmillan UK},
    url = {https://doi.org/10.1057/s41278-018-0106-z},
    doi = {10.1057/s41278-018-0106-z},
    issn = {1479294X},
    keywords = {Containership, Key performance indicators, Productivity, Stowing, Utilization}
}

@techreport{Martin1982ContainershipPrivacy,
    title = {{Containership Load Planning Heuristic for a Transtainer Based Con-tainer Port Redacted for Privacy}},
    year = {1982},
    author = {Martin, Gifford L}
}

@techreport{Martin1982ContainershipPrivacyb,
    title = {{Containership Load Planning Heuristic for a Transtainer Based Con-tainer Port Redacted for Privacy}},
    year = {1982},
    author = {Martin, Gifford L}
}

@phdthesis{Hamedi2011CONTAINERSHIPOPERATIONS,
    title = {{CONTAINERSHIP LOAD PLANNING WITH CRANE OPERATIONS}},
    year = {2011},
    author = {Hamedi, Masoud},
    school = {University of Maryland}
}

@incollection{Pacino2018CranePlanning,
    title = {{Crane Intensity and Block Stowage Strategies in Stowage Planning}},
    year = {2018},
    booktitle = {Lecture Notes in Computer Science (including subseries Lecture Notes in Artificial Intelligence and Lecture Notes in Bioinformatics)},
    author = {Pacino, Dario},
    pages = {191--206},
    volume = {11184 LNCS},
    publisher = {Springer International Publishing},
    url = {http://link.springer.com/10.1007/978-3-030-00898-7_12},
    doi = {10.1007/978-3-030-00898-7{\_}12}
}

@article{Saginaw1989DecisionPlanning,
    title = {{Decision support system for containership stowage planning}},
    year = {1989},
    journal = {Marine Technology and SNAME News},
    author = {Saginaw, D. J. and Perakis, A. N.},
    number = {1},
    pages = {47--61},
    volume = {26},
    doi = {10.5957/mt1.1989.26.1.47},
    issn = {19453582}
}

@article{Pratama2020DesignPlanning,
    title = {{Design and application of reuse stage algorithm of case-based reasoning method on container stowage planning}},
    year = {2020},
    journal = {Journal of Physics: Conference Series},
    author = {Pratama, A. and Mukhlash, I. and Nugroho, S.},
    number = {1},
    volume = {1490},
    doi = {10.1088/1742-6596/1490/1/012014},
    issn = {17426596}
}

@techreport{Houtsma2018DesigningShips,
    title = {{Designing a Decision Support System for Container Stowage Planning on Barge Ships}},
    year = {2018},
    author = {Houtsma, G J}
}

@article{Thuy2008DeterminingCranes,
    title = {{Determining Containership Loading Problem on the Basis of an Adopted Number of Handling Cranes}},
    year = {2008},
    journal = {The Journal of Japan Institute of Navigation},
    author = {Thuy, Nguyen Thanh and Nishimura, Etsuko and Imai, Akio},
    number = {0},
    pages = {271--281},
    volume = {118},
    doi = {10.9749/jin.118.271},
    issn = {0388-7405}
}

@phdthesis{Cho1981DevelopmentPlanning,
    title = {{Development of a methodology for containership load planning}},
    year = {1981},
    author = {Cho, DW},
    number = {June},
    school = {Oregon State University}
}

@article{Pramesti2021DevelopmentRoute,
    title = {{Development of reuse module on stowage planning system using CBR for multiport route}},
    year = {2021},
    journal = {Journal of Physics: Conference Series},
    author = {Pramesti, N. L.A. and Mukhlash, I. and Nugroho, S.},
    number = {1},
    volume = {1821},
    doi = {10.1088/1742-6596/1821/1/012040},
    issn = {17426596}
}

@article{Kim2020EfficientCost-sharing,
    title = {{Efficient stowage plan with loading and unloading operations for shipping liners using foldable containers and shift cost-sharing}},
    year = {2020},
    journal = {Maritime Policy and Management},
    author = {Kim, Minsu and Jeong, Yoonjea and Moon, Ilkyeong},
    number = {00},
    pages = {1--18},
    volume = {00},
    publisher = {Routledge},
    url = {https://doi.org/10.1080/03088839.2020.1821109},
    doi = {10.1080/03088839.2020.1821109},
    issn = {14645254},
    keywords = {container slot planning problem, cost-sharing, foldable container, operations research in maritime industry, shifting}
}

@article{Kim2021EfficientCost-sharing,
    title = {{Efficient stowage plan with loading and unloading operations for shipping liners using foldable containers and shift cost-sharing}},
    year = {2021},
    journal = {Maritime Policy and Management},
    author = {Kim, Minsu and Jeong, Yoonjea and Moon, Ilkyeong},
    number = {6},
    pages = {877--894},
    volume = {48},
    doi = {10.1080/03088839.2020.1821109},
    issn = {14645254},
    keywords = {container slot planning problem, cost-sharing, foldable container, operations research in maritime industry, shifting}
}

@misc{InternationalChamberofShipping2023EnvironmentalTransport,
    title = {{Environmental Performance: Comparison of CO2 Emissions by Different Modes of Transport}},
    year = {2023},
    author = {{International Chamber of Shipping}},
    url = {https://www.ics-shipping.org/shipping-fact/environmental-performance-environmental-performance/}
}

@inproceedings{PinheiroLeiteBenedito2015EvolutionaryProblem,
    title = {{Evolutionary Algorithm and Ant Colony Optimization for a Container Stowage Problem}},
    year = {2015},
    booktitle = {XLVII Simp{\'{o}}sio Brasiliero de Pesquisa Operacional (SBPO)},
    author = {Pinheiro Leite Benedito, Marcelo and Gustavo dos Santos, André},
    pages = {1803--181},
    keywords = {adm, humanitarian logistics, l, main area, multi-criteria decision analysis, multi-criteria decision support, t - logistics and, transport}
}

@article{Pacino2011FastVessels,
    title = {{Fast generation of near-optimal plans for eco-efficient stowage of large container vessels}},
    year = {2011},
    journal = {Computational Logistics},
    author = {Pacino, Dario and Delgado, Alberto and Jensen, RM and Bebbington, Tom},
    pages = {286--301},
    url = {http://link.springer.com/chapter/10.1007/978-3-642-24264-9_22}
}

@inproceedings{Jensen2012FastDiagrams,
    title = {{Fast interactive decision support for modifying stowage plans using binary decision diagrams}},
    year = {2012},
    booktitle = {Lecture Notes in Engineering and Computer Science},
    author = {Jensen, Rune Moller and Leknes, Eilif and Bebbington, Tom},
    pages = {1555--1561},
    volume = {2196},
    isbn = {9789881925190},
    issn = {20780958},
    keywords = {Backtrack-free configuration, Binary decision diagrams, Container stowage planning}
}

@article{Pacino2013FastSearch,
    title = {{Fast slot planning using constraint-based local search}},
    year = {2013},
    journal = {Lecture Notes in Electrical Engineering},
    author = {Pacino, Dario and Jensen, Rune Møller},
    pages = {49--63},
    volume = {186 LNEE},
    isbn = {9789400756236},
    doi = {10.1007/978-94-007-5651-9-4},
    issn = {18761100},
    keywords = {Constraint, Container, Heuristic, Local search, Optimization, Slot planning, Stowage, Transportation}
}

@article{Iris2018FlexibleScheduling,
    title = {{Flexible ship loading problem with transfer vehicle assignment and scheduling}},
    year = {2018},
    journal = {Transportation Research Part B: Methodological},
    author = {Iris, Cagatay and Christensen, Jonas and Pacino, Dario and Ropke, Stefan},
    month = {5},
    pages = {113--134},
    volume = {111},
    publisher = {Elsevier Ltd},
    doi = {10.1016/j.trb.2018.03.009},
    issn = {01912615},
    keywords = {Container terminals, Mega vessels, Ship loading, Shipping lines and port collaboration, Stowage planning, Transport operations in yard}
}

@article{TheEconomist2013FreeHero,
    title = {{Free exchange - The humble hero}},
    year = {2013},
    journal = {The Economist},
    author = {{The Economist}},
    month = {5},
    url = {https://www.economist.com/finance-and-economics/2013/05/18/the-humble-hero}
}

@article{Yifan2016Group-BayShip,
    title = {{Group-Bay Stowage Planning Problem for Container Ship}},
    year = {2016},
    journal = {Polish Maritime Research},
    author = {Yifan, Shen and Ning, Zhao and Weijian, Mi},
    number = {s1},
    pages = {152--159},
    volume = {23},
    doi = {10.1515/pomr-2016-0060},
    issn = {20837429},
    keywords = {Container Terminal, Group-Bay Stowage Plan, Hybrid GA, Terminal Stowage Plan}
}

@article{Ambrosino2003ImpactProblem,
    title = {{Impact of Yard Organisation on the Master Bay Planning Problem}},
    year = {2003},
    journal = {Maritime Economics {\&} Logistics},
    author = {Ambrosino, D and Sciomachen, A},
    number = {3},
    pages = {285--300},
    volume = {5},
    url = {http://link.springer.com/10.1057/palgrave.mel.9100081},
    doi = {10.1057/palgrave.mel.9100081},
    issn = {1479-2931}
}

@article{Parreno-Torres2020ImprovingProblems,
    title = {{Improving container terminal efficiency: New models and algorithms for Premarshalling and Stowage Problems}},
    year = {2020},
    author = {Parre{\~{n}}o-Torres, C},
    number = {April},
    url = {http://roderic.uv.es/handle/10550/75440}
}

@article{Min2011ImprovingContainerships,
    title = {{Improving Ship Stability in Automated Stowage Planning for Large Containerships}},
    year = {2011},
    journal = {Lecture Notes in Engineering and Computer Science},
    author = {Min, Zeng and Low, Malcolm Yoke Hean and Jing, Hsu Wen and Ying, Huang Shell and Fan, Liu and Aye, Win Cho},
    number = {1},
    pages = {1838--1843},
    volume = {2182},
    url = {http://www.doaj.org/doaj?func=openurl&issn=20780958&date=2010&volume=2182&issue=1&spage=1838&genre=article},
    isbn = {9789881821058},
    issn = {20780958 20780966},
    keywords = {3, automation, heuristic algorithm, it to satisfy the, local search, requirements of the ship, stability, stability optimization, stowage plan and adjusts, stowage planning, the optimization engine takes}
}

@article{Low2010ImprovingContainerships,
    title = {{Improving ship stability in automated stowage planning for large containerships}},
    year = {2010},
    journal = {Proceedings of the International MultiConference of Engineers and Computer Scientists 2010, IMECS 2010},
    author = {Low, Malcolm Yoke Hean and Min, Zeng and Jing, Hsu Wen and Ying, Huang Shell and Fan, Liu and Aye, Win Cho},
    number = {1},
    pages = {1838--1843},
    volume = {5},
    publisher = {IEEE},
    isbn = {9789881701282},
    issn = {2078-0966},
    keywords = {Automation, Heuristic algorithm, Local search, Stability optimization, Stowage planning}
}

@article{Kebedow2019IncludingStowage,
    title = {{Including containers with dangerous goods in the cargo mix problem for container vessel stowage}},
    year = {2019},
    journal = {Communications - Scientific Letters of the University of Zilina},
    author = {Kebedow, Kiros Gebrearegawi and Oppen, Johan},
    number = {2},
    pages = {100--113},
    volume = {21},
    doi = {10.26552/com.c.2019.2.100-113},
    issn = {25857878},
    keywords = {Cargo Mix Problem, Container stowage, Dangerous goods, Integer programming}
}

@article{Kebedow2018IncludingProblem,
    title = {{Including containers with dangerous goods in the multi-port master bay planning problem}},
    year = {2018},
    journal = {Mendel},
    author = {Kebedow, Kiros Gebrearegawi and Oppen, Johan},
    number = {2},
    pages = {23--36},
    volume = {24},
    doi = {10.13164/mendel.2018.2.023},
    issn = {25713701},
    keywords = {Container stowage, Dangerous goods, Integer programming, Master Bay Planning}
}

@article{Kebedow2019IncludingProblem,
    title = {{Including containers with dangerous goods in the slot planning problem}},
    year = {2019},
    journal = {Proceedings of the International Conference on Industrial Engineering and Operations Management},
    author = {Kebedow, Kiros Gebrearegawi and Oppen, Johan},
    number = {MAR},
    pages = {225--232},
    volume = {2019},
    issn = {21698767},
    keywords = {Container stowage, Logistics, Operations research, Optimization}
}

@article{Zhu2020IntegerProblem,
    title = {{Integer Linear Programming Models for the Containership Stowage Problem}},
    year = {2020},
    journal = {Mathematical Problems in Engineering},
    author = {Zhu, Huiling and Ji, Mingjun and Guo, Wenwen},
    volume = {2020},
    doi = {10.1155/2020/4382745},
    issn = {15635147}
}

@article{Ji2021IntegratedContainerships,
    title = {{Integrated optimization of feeder routing and stowage planning for containerships}},
    year = {2021},
    journal = {Soft Computing},
    author = {Ji, Mingjun and Kong, Lingrui and Guan, Yunxiao},
    number = {6},
    pages = {4465--4487},
    volume = {25},
    publisher = {Springer Berlin Heidelberg},
    url = {https://doi.org/10.1007/s00500-020-05456-9},
    doi = {10.1007/s00500-020-05456-9},
    issn = {14337479},
    keywords = {Feeder routing, Integrated optimization, Sailing safety, Stowage planning}
}

@article{Kong2021JointCranes,
    title = {{Joint optimization of container slot planning and truck scheduling for tandem quay cranes}},
    year = {2021},
    journal = {European Journal of Operational Research},
    author = {Kong, Lingrui and Ji, Mingjun and Gao, Zhendi},
    number = {1},
    pages = {149--166},
    volume = {293},
    publisher = {Elsevier B.V.},
    url = {https://doi.org/10.1016/j.ejor.2020.12.005},
    doi = {10.1016/j.ejor.2020.12.005},
    issn = {03772217},
    keywords = {Container slot planning, Joint optimization, OR in maritime industry, Tandem quay crane, Truck scheduling}
}

@article{Kong2021JointCranesb,
    title = {{Joint optimization of container slot planning and truck scheduling for tandem quay cranes}},
    year = {2021},
    journal = {European Journal of Operational Research},
    author = {Kong, Lingrui and Ji, Mingjun and Gao, Zhendi},
    number = {1},
    pages = {149--166},
    volume = {293},
    publisher = {Elsevier B.V.},
    url = {https://doi.org/10.1016/j.ejor.2020.12.005},
    doi = {10.1016/j.ejor.2020.12.005},
    issn = {03772217},
    keywords = {Container slot planning, Joint optimization, OR in maritime industry, Tandem quay crane, Truck scheduling}
}

@article{Wang2019JointPlanning,
    title = {{Joint Optimization of Multi-Port Container Selection and Stowage Planning}},
    year = {2019},
    journal = {Proceedings of 2019 IEEE 3rd Advanced Information Management, Communicates, Electronic and Automation Control Conference, IMCEC 2019},
    author = {Wang, Ning and Li, Xiaoyu and Wang, Bo},
    number = {Imcec},
    pages = {1821--1825},
    isbn = {9781728105130},
    doi = {10.1109/IMCEC46724.2019.8983968},
    keywords = {container selection, container stowage planning, heuristic algorithm, multiple ports, rehandle}
}

@article{Hsu2021JointApproach,
    title = {{Joint scheduling of yard crane, yard truck, and quay crane for container terminal considering vessel stowage plan: An integrated simulation-based optimization approach}},
    year = {2021},
    journal = {Mathematics},
    author = {Hsu, Hsien Pin and Wang, Chia Nan and Fu, Hsin Pin and Dang, Thanh Tuan},
    number = {18},
    volume = {9},
    doi = {10.3390/math9182236},
    issn = {22277390},
    keywords = {Container terminal, Experiment, Quay crane, Simulation-based optimization method, Statistically test, Yard crane, Yard truck}
}

@article{Lee2020LashingContainerships,
    title = {{Lashing Force Prediction Model with Multimodal Deep Learning and AutoML for Stowage Planning Automation in Containerships}},
    year = {2020},
    journal = {Logistics},
    author = {Lee, Chaemin and Lee, Mun Keong and Shin, Jae Young},
    number = {1},
    pages = {1},
    volume = {5},
    doi = {10.3390/logistics5010001},
    issn = {2305-6290},
    keywords = {ANN, AutoML, CNN, RNN, automl, containership, lashing force, multimodal deep learning, stowage planning}
}

@article{Lee2020LashingContainershipsb,
    title = {{Lashing Force Prediction Model with Multimodal Deep Learning and AutoML for Stowage Planning Automation in Containerships}},
    year = {2020},
    journal = {Logistics},
    author = {Lee, Chaemin and Lee, Mun Keong and Shin, Jae Young},
    number = {1},
    pages = {1},
    volume = {5},
    doi = {10.3390/logistics5010001},
    issn = {2305-6290},
    keywords = {automl, containership, lashing force, multimodal deep learning, stowage planning}
}

@article{Wang2022Many-ObjectiveNSGA-III,
    title = {{Many-Objective Container Stowage Optimization Based on Improved NSGA-III}},
    year = {2022},
    journal = {Journal of Marine Science and Engineering},
    author = {Wang, Yuchuang and Shi, Guoyou and Hirayama, Katsutoshi},
    number = {4},
    month = {4},
    volume = {10},
    publisher = {MDPI},
    doi = {10.3390/jmse10040517},
    issn = {20771312},
    keywords = {container-ship stowage planning problem (CSPP), memetic algorithms, multi-objective evolutionary optimization, nondominated sorting genetic algorithm (NSGA)}
}

@article{Korach2020MatheuristicsBays,
    title = {{Matheuristics for slot planning of container vessel bays}},
    year = {2020},
    journal = {European Journal of Operational Research},
    author = {Korach, Aleksandra and Brouer, Berit Dangaard and Jensen, Rune Møller},
    number = {3},
    pages = {873--885},
    volume = {282},
    publisher = {Elsevier B.V.},
    url = {https://doi.org/10.1016/j.ejor.2019.09.042},
    doi = {10.1016/j.ejor.2019.09.042},
    issn = {03772217},
    keywords = {Large neighbourhood search, Matheuristics, OR in maritime industry, Slot planning, Stowage planning}
}

@article{Aslidis1990MinimizingOperations,
    title = {{Minimizing of overstowage in container ship operations}},
    year = {1990},
    journal = {Operational Research},
    author = {Aslidis, T.},
    pages = {457--471}
}

@article{Wei-ying2005ModelProblem,
    title = {{Model and algorithm for container ship stowage planning based on bin-packing problem}},
    year = {2005},
    journal = {Journal of Marine Science and Application},
    author = {Wei-ying, Zhang and Yan, Lin and Zhuo-shang, Ji},
    number = {3},
    pages = {30--36},
    volume = {4},
    doi = {10.1007/s11804-005-0018-z},
    issn = {1671-9433},
    keywords = {bin-packing problem, containe, hem, istics algorithm, ship, stowage}
}

@article{Wang2020ModellingShips,
    title = {{Modelling and implementation of an intelligent stowage simulator for container ships}},
    year = {2020},
    journal = {International Journal of Simulation and Process Modelling},
    author = {Wang, Qingwu and Zhao, Jian and Ma, Lin},
    number = {3},
    pages = {201--212},
    volume = {15},
    doi = {10.1504/IJSPM.2020.107324},
    issn = {17402131},
    keywords = {BLOCK algorithm, Container ship, Floating condition, Intelligent stowage simulator, Restowage, Segregations, Stability, Strength}
}

@inproceedings{Li2012ModellingProblem,
    title = {{Modelling and Tabu search heuristic for solving container stowage planning problem}},
    year = {2012},
    booktitle = {Proceedings of the 2012 24th Chinese Control and Decision Conference, CCDC 2012},
    author = {Li, Kun},
    number = {i},
    pages = {2676--2680},
    publisher = {IEEE},
    isbn = {9781457720727},
    doi = {10.1109/CCDC.2012.6244424},
    keywords = {container stowage planning problem, integer programming model, tabu search}
}

@article{Yanbin2008Multi-agentProblem,
    title = {{Multi-agent ERA model based on belief solves multi-port container stowage problem}},
    year = {2008},
    journal = {7th Mexican International Conference on Artificial Intelligence - Proceedings of the Special Session, MICAI 2008},
    author = {Yanbin, Liu and Kangping, Wang and Dongwei, Guo and Wei, Pang and Chunguang, Zhou},
    pages = {287--292},
    isbn = {9780769534411},
    doi = {10.1109/MICAI.2008.10}
}

@article{Parthibaraj2017Multi-agentLogistics,
    title = {{Multi-agent system with iterative auction mechanism for master bay plan problem in marine logistics}},
    year = {2017},
    journal = {Maritime Policy and Management},
    author = {Parthibaraj, Calwin S. and Palaniappan, P. L.K. and Gunasekaran, Angappa and Subramanian, Nachiappan},
    number = {6},
    pages = {705--726},
    volume = {44},
    doi = {10.1080/03088839.2017.1324219},
    issn = {14645254},
    keywords = {Master bay plan problem (MBPP), information exchange system (IES), iterative combinatorial auction (ICA), multi-agent system (MAS)}
}

@article{Hu2017Multi-objectiveRoute,
    title = {{Multi-objective optimization based on improved genetic algorithm for containership stowage on full route}},
    year = {2017},
    journal = {2017 4th International Conference on Industrial Engineering and Applications, ICIEA 2017},
    author = {Hu, Min and Cai, Wei},
    pages = {224--228},
    isbn = {9781509067749},
    doi = {10.1109/IEA.2017.7939211},
    keywords = {container transportation, full route stowage, genetic algorithm, heuristic algorithm, mixed loading, shift}
}

@article{ElYaagoubi2022Multi-objectiveSystem,
    title = {{Multi-objective optimization of the 3D container stowage planning problem in a barge convoy system}},
    year = {2022},
    journal = {Computers {\&} Operations Research},
    author = {El Yaagoubi, Amina and Charhbili, Mohamed and Boukachour, Jaouad and El Hilali Alaoui, Ahmed},
    month = {3},
    pages = {105796},
    publisher = {Pergamon},
    url = {https://linkinghub.elsevier.com/retrieve/pii/S0305054822000855},
    doi = {10.1016/J.COR.2022.105796},
    issn = {0305-0548}
}

@inproceedings{Yaagoubi2018Multi-objectiveFactors,
    title = {{Multi-objective river-sea-going container barge stowage planning problem with container fragility and barge stability factors}},
    year = {2018},
    booktitle = {Proceedings - GOL 2018: 4th IEEE International Conference on Logistics Operations Management},
    author = {Yaagoubi, Amina El and El Hilali Alaoui, Ahmed and Boukachour, Jaouad},
    doi = {10.1109/GOL.2018.8378102}
}

@article{Imai2006Multi-objectiveStacks,
    title = {{Multi-objective simultaneous stowage and load planning for a container ship with container rehandle in yard stacks}},
    year = {2006},
    journal = {European Journal of Operational Research},
    author = {Imai, Akio and Sasaki, Kazuya and Nishimura, Etsuko and Papadimitriou, Stratos},
    number = {2},
    month = {6},
    pages = {373--389},
    volume = {171},
    url = {http://linkinghub.elsevier.com/retrieve/pii/S0377221704005958},
    doi = {10.1016/j.ejor.2004.07.066},
    issn = {03772217},
    keywords = {Containership handling, Genetic algorithms, Heuristics, Logistics, Multiple objective programming}
}

@article{Li2018Multi-PortUncertainties,
    title = {{Multi-Port Stowage Planning for Inland Container Liner Shipping Considering Weight Uncertainties}},
    year = {2018},
    journal = {IEEE Access},
    author = {Li, Jun and Zhang, Yu and Ma, Jie and Ji, Sanyou},
    pages = {66468--66480},
    volume = {6},
    publisher = {Institute of Electrical and Electronics Engineers Inc.},
    doi = {10.1109/ACCESS.2018.2878308},
    issn = {21693536},
    keywords = {Stowage planning, container weight uncertainty, heuristics, robust optimization, stochastic programming}
}

@article{Li2020Multi-stageShipping,
    title = {{Multi-stage hierarchical decomposition approach for stowage planning problem in inland container liner shipping}},
    year = {2020},
    journal = {Journal of the Operational Research Society},
    author = {Li, Jun and Zhang, Yu and Ji, Sanyou and Zheng, Lanbo and Xu, Jin},
    number = {3},
    pages = {381--399},
    volume = {71},
    publisher = {Taylor {\&} Francis},
    url = {https://doi.org/10.1080/01605682.2018.1561162},
    doi = {10.1080/01605682.2018.1561162},
    issn = {14769360},
    keywords = {Inland container liner shipping, greedy randomised adaptive search procedure, heuristic evolutionary strategy, hierarchical decomposition approach, stowage planning problem}
}

@article{Zhang2016MultiobjectiveRehandles,
    title = {{Multiobjective Approaches for the Ship Stowage Planning Problem Considering Ship Stability and Container Rehandles}},
    year = {2016},
    journal = {IEEE Transactions on Systems, Man, and Cybernetics: Systems},
    author = {Zhang, Zizhen and Lee, Chung Yee},
    number = {10},
    pages = {1374--1389},
    volume = {46},
    doi = {10.1109/TSMC.2015.2504104},
    issn = {10834427},
    keywords = {Evolutionary algorithms, multiobjective, rehandle, ship stowage planning, stability}
}

@phdthesis{Fan2012MultiobjectiveContainership,
    title = {{Multi‑objective optimization for stowage planning of large containership}},
    year = {2012},
    author = {Fan, Liu},
    school = {Nanyang Technological University}
}

@article{Tanaka2021NewMinimization,
    title = {{New Formulation for Coloring Circle Graphs and its Application to Capacitated Stowage Stack Minimization}},
    year = {2021},
    author = {Tanaka, Masato and Matsui, Tomomi},
    pages = {1--23},
    url = {http://arxiv.org/abs/2102.00691},
    arxivId = {2102.00691}
}

@article{Tierney2014OnProblems,
    title = {{On the complexity of container stowage planning problems}},
    year = {2014},
    journal = {Discrete Applied Mathematics},
    author = {Tierney, Kevin and Pacino, Dario and Jensen, Rune Møller},
    pages = {225--230},
    volume = {169},
    url = {http://dx.doi.org/10.1016/j.dam.2014.01.005},
    isbn = {9788779492301},
    doi = {10.1016/j.dam.2014.01.005},
    issn = {0166218X},
    keywords = {Computational complexity, Container stowage, Liner shipping, Overstowage}
}

@article{Giemsch2004OptimizationProblem,
    title = {{Optimization models for the containership stowage problem}},
    year = {2004},
    journal = {Operations Research Proceedings 2003},
    author = {Giemsch, Peer and Jellinghaus, Andreas},
    pages = {1--8},
    url = {http://link.springer.com/chapter/10.1007/978-3-642-17022-5_45}
}

@article{Giemsch2003OptimizationProblem,
    title = {{Optimization Models for the Containership Stowage Problem}},
    year = {2003},
    journal = {Proceedings of the International Conference of the German Operations Research Society},
    author = {Giemsch, Peer and Jellinghaus, Andreas}
}

@article{Wang2021OptimizationRoute,
    title = {{Optimization of Container Selection and Stowage Planning in a Circular Route}},
    year = {2021},
    journal = {Proceedings - 2021 2nd International Conference on Urban Engineering and Management Science, ICUEMS 2021},
    author = {Wang, Ning and Fang, Linghong and Li, Xiaoyu and Wang, Can},
    number = {2},
    pages = {77--82},
    isbn = {9781665412896},
    doi = {10.1109/ICUEMS52408.2021.00023},
    keywords = {circular route, container selection, container stowage planning, heuristic algorithm}
}

@article{Yurtseven2017OptimizationAlgorithms,
    title = {{Optimization of container stowage using simulated annealing and genetic algorithms}},
    year = {2017},
    journal = {Maritime Transportation and Harvesting of Sea Resources},
    author = {Yurtseven, M. A. and Boulougouris, E. and Turan, O. and Papadopoulos, N.},
    number = {October},
    pages = {881--886},
    volume = {2},
    isbn = {9780815379935}
}

@article{Wang2020OptimizationAlgorithm,
    title = {{Optimization of Containership Stowage in Circular Route Based on Greedy Algorithm}},
    year = {2020},
    journal = {Proceedings of 2020 IEEE 4th Information Technology, Networking, Electronic and Automation Control Conference, ITNEC 2020},
    author = {Wang, Ning and Yu, Lili and Yu, Linxiao and Ke, Shanhui},
    number = {Itnec},
    pages = {146--150},
    isbn = {9781728143903},
    doi = {10.1109/ITNEC48623.2020.9085178},
    keywords = {circular route, container transportation, greedy algorithm, load optimization, stack minimization}
}

@inproceedings{Dong2012OptimizingAlgorithm,
    title = {{Optimizing a Containership Stowage Plan Using a Modified Differential Evolution Algorithm}},
    year = {2012},
    booktitle = {International Forum on Shipping, Ports and Airport (IFSPA)},
    author = {Dong, Yun and Tang, Lixin},
    pages = {132--141},
    keywords = {combinatorial optimization, differential evolution, stowage plan}
}

@article{Lee2015OptimizingPlanning,
    title = {{Optimizing constraint test ordering for efficient automated stowage planning}},
    year = {2015},
    journal = {Lecture Notes in Computer Science (including subseries Lecture Notes in Artificial Intelligence and Lecture Notes in Bioinformatics)},
    author = {Lee, Zhuo Qi and Fan, Rui and Hsu, Wen Jing},
    pages = {343--357},
    volume = {9335},
    isbn = {9783319242637},
    doi = {10.1007/978-3-319-24264-4{\_}24},
    issn = {16113349},
    keywords = {Heuristics, Maritime logistics, Optimization, Stowage plans}
}

@article{Li2020OptimizingShipping,
    title = {{Optimizing the Stowage Planning and Block Relocation Problem in Inland Container Shipping}},
    year = {2020},
    journal = {IEEE Access},
    author = {Li, Jun and Zhang, Yu and Liu, Zhixiong and Liang, Xiaolei},
    pages = {207499--207514},
    volume = {8},
    doi = {10.1109/ACCESS.2020.3037675},
    issn = {21693536},
    keywords = {Inland container shipping, block relocation, heuristic algorithm, integer programming, stowage planning}
}

@article{Araujo2016ParetoProblem,
    title = {{Pareto clustering search applied for 3D container ship loading plan problem}},
    year = {2016},
    journal = {Expert Systems with Applications},
    author = {Ara{\'{u}}jo, Eliseu Junio and Chaves, Antonio Augusto and De Salles Neto, Luiz Leduino and De Azevedo, Anibal Tavares},
    pages = {50--57},
    volume = {44},
    doi = {10.1016/j.eswa.2015.09.005},
    issn = {09574174},
    keywords = {Clustering search, Hybrid heuristics, Pareto front, Stowage planning}
}

@techreport{Kessel1977PlanningCase-study,
    title = {{Planning the loading and unloading procedures for containerized cargoships - An OR case-study}},
    year = {1977},
    author = {Kessel, Ole},
    institution = {Technical University of Denmark},
    address = {Lyngby}
}

@article{Wilson1999PrinciplesPlanning,
    title = {{Principles of combinatorial optimization applied to container-ship stowage planning}},
    year = {1999},
    journal = {Journal of Heuristics},
    author = {Wilson, ID and Roach, PA},
    number = {4},
    pages = {403--418},
    volume = {5},
    publisher = {Kluwer Academic Publishers},
    url = {http://link.springer.com/article/10.1023/A:1009680305670},
    keywords = {automation, but possibly not optimal, container stowage, determined or are too, difficulties associated with combinatorial, exact procedures, expensive to apply, generally, giving an optimal solution, heuristic, instead, may not be easily, planning, problems are such that, procedures that give good, sea transport, search, solutions are applied, these}
}

@article{Liu2011RandomizedPlans,
    title = {{Randomized algorithm with tabu search for multi-objective optimization of large containership stowage plans}},
    year = {2011},
    journal = {Lecture Notes in Computer Science (including subseries Lecture Notes in Artificial Intelligence and Lecture Notes in Bioinformatics)},
    author = {Liu, Fan and Low, Malcolm Yoke Hean and Hsu, Wen Jing and Huang, Shell Ying and Zeng, Min and Win, Cho Aye},
    pages = {256--272},
    volume = {6971 LNCS},
    isbn = {9783642242632},
    doi = {10.1007/978-3-642-24264-9{\_}20},
    issn = {03029743}
}

@article{Nugroho2021RegulatoryConsiderations,
    title = {{Regulatory framework of a computer-based stowage planning: safety and efficiency considerations}},
    year = {2021},
    journal = {IOP Conference Series: Materials Science and Engineering},
    author = {Nugroho, S and Djatmiko, E B and {Murdjito} and Ardhi, E W and Supomo, H and Buana, I G N S},
    number = {1},
    pages = {012065},
    volume = {1052},
    doi = {10.1088/1757-899x/1052/1/012065},
    issn = {1757-8981}
}

@article{Song2010ResearchLogistics,
    title = {{Research on application of simulation technology in container ship stowage problem of port logistics}},
    year = {2010},
    journal = {Proceedings IE {\&} EM 2010 : 2010 IEEE 17th International Conference on Industrial Engineering and Engineering Management },
    author = {Song, Xu-yan and Dou, Xiao-chen and Ren, Yuan and Liu, Xiao},
    pages = {29--31},
    publisher = {IEEE},
    isbn = {9781424464845}
}

@article{Zhang2019ResearchAlgorithm,
    title = {{Research on Decision-making Optimization of Container MBPP Based on Evolutionary Strategy Algorithm}},
    year = {2019},
    journal = {Proceedings of the 31st Chinese Control and Decision Conference, CCDC 2019},
    author = {Zhang, Qiwei and Liu, Zhixiong and Yan, Jialan},
    pages = {3776--3782},
    publisher = {IEEE},
    isbn = {9781728101057},
    doi = {10.1109/CCDC.2019.8832471},
    keywords = {Container ship, Container sorting, Evolution strategy algorithm, MBPP, Mixed number, Stowage plan}
}

@article{Wu2021ResearchShips,
    title = {{Research on intelligent loading system for container ships}},
    year = {2021},
    journal = {IOP Conference Series: Earth and Environmental Science},
    author = {Wu, Qingcai and Xia, Qiucheng and Wu, Maochuan},
    number = {2},
    volume = {632},
    doi = {10.1088/1755-1315/632/2/022074},
    issn = {17551315},
    keywords = {Container ship, Intelligent loading, System design}
}

@article{Jensen2022RevenueChallenge,
    title = {{Revenue management in liner shipping: Addressing the vessel capacity challenge}},
    year = {2022},
    journal = {Maritime Transport Research},
    author = {Jensen, Rune Møller and Ajspur, Mai Lise},
    month = {1},
    volume = {3},
    publisher = {Elsevier Ltd},
    doi = {10.1016/j.martra.2022.100069},
    issn = {2666822X},
    keywords = {Container vessel capacity, Liner shipping, Revenue management, Seaworthiness requirements, Stowage rules}
}

@article{Zurheide2015RevenueIndustry,
    title = {{Revenue management methods for the liner shipping industry}},
    year = {2015},
    journal = {Flexible Services and Manufacturing Journal},
    author = {Zurheide, Sebastian and Fischer, Kathrin},
    number = {2-3},
    month = {9},
    pages = {200--223},
    volume = {27},
    publisher = {Springer New York LLC},
    doi = {10.1007/s10696-014-9192-0},
    issn = {19366590},
    keywords = {Bid-prices, Liner shipping, Network revenue management, Slot allocation}
}

@techreport{Kroer2012SATPlanning,
    title = {{SAT and SMT-based Interactive Configuration for Container Vessel Stowage Planning}},
    year = {2012},
    author = {Kroer, Christian and Kjaer Svendsen, Martin and M{\o}ller Jensen, Rune and Kiniry, Joseph Roland},
    institution = {IT University of Copenhagen}
}

@incollection{Ambrosino2018ShippingApproach,
    title = {{Shipping Liner Company Stowage Plans: An Optimization Approach}},
    year = {2018},
    booktitle = {Advances in Intelligent Systems and Computing},
    author = {Ambrosino, Daniela and Paolucci, Massimo and Sciomachen, Anna},
    editor = {{\.{Z}}ak, Jacek and Hadas, Yuval and Rossi, Riccardo},
    number = {1},
    pages = {405--420},
    series = {Advances in Intelligent Systems and Computing},
    volume = {572},
    publisher = {Springer International Publishing},
    url = {http://link.springer.com/10.1007/978-3-319-57105-8},
    address = {Cham},
    doi = {10.1007/978-3-319-57105-8{\_}20},
    keywords = {Containership stowage planning ? Liner shipping o}
}

@incollection{Martins2012ShortOptimization,
    title = {{Short sea shipping route and stowage plan optimization}},
    year = {2012},
    booktitle = {Maritime Engineering and Technology },
    author = {Martins, T. and Lobo, V. and Moura, A.},
    pages = {73--78}
}

@article{Cohen2015SoftwareAlgorithm,
    title = {{Software system for container vessel stowage planning using genetic algorithm}},
    year = {2015},
    journal = {GECCO 2015 - Companion Publication of the 2015 Genetic and Evolutionary Computation Conference},
    author = {Cohen, Miri Weiss and Dahan, Adi and Kaspi, Itzzik},
    pages = {1519--1520},
    isbn = {9781450334884},
    doi = {10.1145/2739482.2764633},
    keywords = {Constraint optimization, Container vessel stowage planning, Genetic algorithms}
}

@article{Parreno-Torres2019SolutionProblem,
    title = {{Solution strategies for a multiport container ship stowage problem}},
    year = {2019},
    journal = {Mathematical Problems in Engineering},
    author = {Parre{\~{n}}o-Torres, Consuelo and Alvarez-Valdes, Ramon and Parre{\~{n}}o, Francisco},
    volume = {2019},
    doi = {10.1155/2019/9029267},
    issn = {15635147}
}

@article{PerwiraRedi2021SolvingStructures,
    title = {{Solving Container Stowage Problem using Particle Swarm Optimization Algorithm with Multiple Social Learning Structures}},
    year = {2021},
    author = {Perwira Redi, A.A.N. Perwira and Dwi Lasmana, Ina and Layli Rachmawati, Nur and Tri Prasetyo, Yogi and Budiono, Doni and Jewpanya, Parida},
    pages = {221--227},
    volume = {c},
    isbn = {9781450388887},
    doi = {10.1145/3460824.3460858},
    keywords = {container stowage problem, mathe-, particle swarm optimization}
}

@article{PerwiraRedi2021SolvingStructuresb,
    title = {{Solving Container Stowage Problem using Particle Swarm Optimization Algorithm with Multiple Social Learning Structures}},
    year = {2021},
    author = {Perwira Redi, A.A.N. Perwira and Dwi Lasmana, Ina and Layli Rachmawati, Nur and Tri Prasetyo, Yogi and Budiono, Doni and Jewpanya, Parida},
    pages = {221--227},
    volume = {c},
    isbn = {9781450388887},
    doi = {10.1145/3460824.3460858},
    keywords = {container stowage problem, mathe-, particle swarm optimization}
}

@inproceedings{Li2020SolvingApproach,
    title = {{Solving inland container ship stowage planning problem on full route through a two-phase approach}},
    year = {2020},
    booktitle = {International Journal of Shipping and Transport Logistics},
    author = {Li, Jun and Zhang, Yu and Ji, Sanyou and Zheng, Lanbo},
    number = {1-2},
    pages = {65--91},
    volume = {12},
    doi = {10.1504/IJSTL.2020.105863},
    issn = {17566525},
    keywords = {GEPA, GRASP, Grey entropy parallel analysis, Heuristic evolutionary strategy algorithm, Inland container ship, Stowage planning, Two-phase approach}
}

@article{Chang2022SolvingMode,
    title = {{Solving integrated problem of stowage planning with crane split by an improved genetic algorithm based on novel encoding mode}},
    year = {2022},
    journal = {Measurement and Control},
    author = {Chang, Yimei and Hamedi, Masoud and Haghani, Ali},
    month = {9},
    pages = {},
    url = {http://journals.sagepub.com/doi/10.1177/00202940221097981},
    doi = {10.1177/00202940221097981},
    issn = {0020-2940}
}

@article{DeAzevedo2012SolvingSearch,
    title = {{Solving the 3D container ship loading planning problem by representation by rules and beam search}},
    year = {2012},
    journal = {ICORES 2012 - Proceedings of the 1st International Conference on Operations Research and Enterprise Systems},
    author = {De Azevedo, Anibal Tavares and Ribeiro, Cassilda Maria and De Sena, Galeno José and Chaves, Antônio Augusto and Neto, Luis Leduíno Salles and Moretti, Antônio Carlos},
    pages = {132--141},
    isbn = {9789898425973},
    doi = {10.5220/0003757801320141},
    keywords = {3D Container ship Stowage, Beam search method, Combinatorial optimization}
}

@article{Azevedo2014SolvingMeta-heuristics,
    title = {{Solving the 3D container ship loading planning problem by representation by rules and meta-heuristics}},
    year = {2014},
    journal = {International Journal of Data Analysis Techniques and Strategies},
    author = {Azevedo, Anibal and Cassilda Maria, Ribeiro and de Sena, Galeno José and Chaves, Antônio Augusto and Neto, Luis Ledu\'{\i}no Salles and Moretti, Antônio Carlos},
    number = {3},
    pages = {228--260},
    volume = {6},
    doi = {10.1504/IJDATS.2014.063060}
}

@article{Azevedo2014SolvingMeta-heuristicsb,
    title = {{Solving the 3D container ship loading planning problem by representation by rules and meta-heuristics}},
    year = {2014},
    journal = {International Journal of Data Analysis Techniques and Strategies},
    author = {Azevedo, Anibal and Cassilda Maria, Ribeiro and de Sena, Galeno José and Chaves, Antônio Augusto and Neto, Luis Ledu\'{\i}no Salles and Moretti, Antônio Carlos},
    number = {3},
    pages = {228--260},
    volume = {6},
    doi = {10.1504/IJDATS.2014.063060}
}

@article{Azevedo2018SolvingAlgorithm,
    title = {{Solving the 3D stowage planning problem integrated with the quay crane scheduling problem by representation by rules and genetic algorithm}},
    year = {2018},
    journal = {Applied Soft Computing Journal},
    author = {Azevedo, Anibal Tavares and de Salles Neto, Luiz Leduino and Chaves, Antônio Augusto and Moretti, Antônio Carlos},
    month = {4},
    pages = {495--516},
    volume = {65},
    publisher = {Elsevier Ltd},
    doi = {10.1016/j.asoc.2018.01.006},
    issn = {15684946},
    keywords = {Genetic algorithm, Quay crane scheduling, Representation by rules, Stowage planning}
}

@article{Santosa2018SolvingPSO,
    title = {{Solving the Container Stowage Problem (CSP) using Particle Swarm Optimization (PSO)}},
    year = {2018},
    journal = {IOP Conference Series: Materials Science and Engineering},
    author = {Santosa, Matsaini and Santosa, Budi},
    number = {1},
    volume = {337},
    doi = {10.1088/1757-899X/337/1/012002},
    issn = {1757899X}
}

@article{Parreno-Torres2021SolvingAlgorithm,
    title = {{Solving the generalized multi-port container stowage planning problem by a matheuristic algorithm}},
    year = {2021},
    journal = {Computers and Operations Research},
    author = {Parre{\~{n}}o-Torres, Consuelo and {\c{C}}alık, Hatice and Alvarez-Valdes, Ramon and Ruiz, Rubén},
    pages = {105383},
    volume = {133},
    publisher = {Elsevier Ltd},
    url = {https://doi.org/10.1016/j.cor.2021.105383},
    doi = {10.1016/j.cor.2021.105383},
    issn = {03050548},
    keywords = {Container ship, Mathematical models, Matheuristics, Multiport stowage, Planning}
}

@book{Xie2020SPUNTB:Biogeography,
    title = {{SPUNTB: A Stowage Planning via the Unified Neutral Theory of Biodiversity and Biogeography}},
    year = {2020},
    booktitle = {Lecture Notes on Data Engineering and Communications Technologies},
    author = {Xie, Zongzhao and Hu, Wenbin},
    pages = {527--540},
    volume = {41},
    publisher = {Springer International Publishing},
    url = {http://dx.doi.org/10.1007/978-3-030-34986-8_37},
    isbn = {9783030349868},
    doi = {10.1007/978-3-030-34986-8{\_}37},
    issn = {23674520},
    keywords = {Filter, Migration strategy, Stowage planning, The neutral theory}
}

@article{Li2018StochasticWeight,
    title = {{Stochastic programming decision for inland container liner route stowage planning with uncertain container weight}},
    year = {2018},
    journal = {PSAM 2018 - Probabilistic Safety Assessment and Management},
    author = {Li, Jun and Zhang, Yu and Ji, Sanyou and Ma, Jie},
    number = {September},
    keywords = {Inland container liner shipping, Robust optimization, Route stowage planning, Stochastic programming, Uncertain container weight}
}

@article{Steenken2001StowagePlanning,
    title = {{Stowage and transport optimization in ship planning}},
    year = {2001},
    journal = {Online optimization of large scale systems},
    author = {Steenken, Dirk and Winter, Thomas and Zimmermann, Uwe T.},
    pages = {731--745},
    isbn = {978-3-642-07633-6},
    doi = {10.1007/978-3-662-04331-8{\_}35},
    keywords = {container yards, just-in-time scheduling, stowage planning, transpot optimization}
}

@article{Botter1992StowageSolution,
    title = {{Stowage container planning: a model for getting an optimal solution}},
    year = {1992},
    journal = {Computer Applications in Automation of Shipyard Operation and Ship Design},
    author = {Botter, R.C. and Brinati, M.A.},
    number = {C},
    pages = {217--228},
    volume = {VII}
}

@inproceedings{Wang2015StowageDecomposition,
    title = {{Stowage plan research based on hierarchical decomposition}},
    year = {2015},
    booktitle = {Lecture Notes in Electrical Engineering},
    author = {Wang, Dongdong and Zhang, Yu and Wu, Lu and Tian, Guangwei},
    pages = {331--341},
    volume = {337},
    isbn = {9783662464625},
    doi = {10.1007/978-3-662-46463-2{\_}34},
    issn = {18761119},
    keywords = {Hierarchical batch decomposition, MBPP, Rehandles, SPP}
}

@article{Avriel1998StowageShifts,
    title = {{Stowage planning for container ships to reduce the number of shifts}},
    year = {1998},
    journal = {Annals of Operations Research},
    author = {Avriel, Mordecai and Penn, Michal and Shpirer, Naomi and Witteboon, Smadar},
    number = {1-4},
    pages = {55--71},
    volume = {76},
    publisher = {Springer Science {\&} Business Media B.V.},
    url = {http://search.ebscohost.com/login.aspx?direct=true&db=bth&AN=18925445&site=ehost-live http://link.springer.com/article/10.1023/A:1018956823693},
    keywords = {CARGO handling, CONTAINER ships, CONTAINERIZATION, DYNAMIC programming, PRODUCTION scheduling, STOWAGE}
}

@article{Ding2015StowageShifts,
    title = {{Stowage Planning for Container Ships: A Heuristic Algorithm to Reduce the Number of Shifts}},
    year = {2015},
    journal = {European Journal of Operational Research},
    author = {Ding, Ding and Chou, Mabel C.},
    publisher = {Elsevier Ltd.},
    url = {http://linkinghub.elsevier.com/retrieve/pii/S0377221715002660},
    doi = {10.1016/j.ejor.2015.03.044},
    issn = {03772217},
    keywords = {container movement, heuristic algorithm, shifts, stowage planning}
}

@inproceedings{Franzkeit2020StowageReview,
    title = {{Stowage Planning for Inland Container Vessels: A Literature Review}},
    year = {2020},
    booktitle = {Proceedings of the Hamburg International Conference of Logistics (HICL) – 30},
    author = {Franzkeit, Janna and Schwientek, Anne and Jahn, Carlos},
    number = {September},
    pages = {247--280},
    isbn = {9783753123479}
}

@article{Kang2002StowageTransportation,
    title = {{Stowage planning in maritime container transportation}},
    year = {2002},
    journal = {Journal of the Operational Research Society},
    author = {Kang, J-G and Kim, Y-D},
    number = {4},
    pages = {415--426},
    volume = {53},
    url = {http://www.ingentaconnect.com/content/pal/01605682/2002/00000053/00000004/2601322},
    keywords = {heuristics, sea transport, stowage planning}
}

@article{Zhang2018StowageMinimization,
    title = {{Stowage Planning in Multiple Ports with Shifting Fee Minimization}},
    year = {2018},
    journal = {Scientific Programming},
    author = {Zhang, E. and Mei, Qihuang and Liu, Ming and Zheng, Feifeng},
    volume = {2018},
    doi = {10.1155/2018/3450726},
    issn = {10589244}
}

@article{Liu2010StowageStability,
    title = {{Stowage Planning of Large Containership with Tradeoff between Crane Work-load Balance and Ship Stability}},
    year = {2010},
    journal = {Proceedings of the {\ldots}},
    author = {Liu, F and Low, MYH and Ying, HS and Jing, HW},
    pages = {1537--1543},
    volume = {III},
    url = {http://www.iaeng.org/publication/IMECS2010/IMECS2010_pp1537-1543.pdf},
    isbn = {9789881821058},
    issn = {20780958},
    keywords = {automation, container stowage, heuristics}
}

@article{Ambrosino2004StowingProblem,
    title = {{Stowing a containership: the master bay plan problem}},
    year = {2004},
    journal = {Transportation Research Part A},
    author = {Ambrosino, Daniela and Sciomachen, Anna and Tanfani, Elena},
    number = {2},
    month = {2},
    pages = {81--99},
    volume = {38},
    url = {http://linkinghub.elsevier.com/retrieve/pii/S0965856403000892 http://www.sciencedirect.com/science/article/pii/S0965856403000892},
    doi = {10.1016/j.tra.2003.09.002},
    issn = {09658564},
    keywords = {Heuristic procedure, Linear programming, Logistics, Maritime container terminal, Ship planning}
}

@article{Kroer2016SymbolicPlanning,
    title = {{Symbolic configuration for interactive container ship stowage planning}},
    year = {2016},
    journal = {Computational Intelligence},
    author = {Kroer, Christian and Svendsen, Martin Kjær and Jensen, Rune M. and Kiniry, Joseph and Leknes, Eilif},
    number = {2},
    pages = {259--283},
    volume = {32},
    doi = {10.1111/coin.12051},
    issn = {14678640},
    keywords = {Boolean satisfiability, binary decision diagram, container stowage}
}

@article{Wilson1997TheProblem.,
    title = {{The application of artificial intelligence techniques to the deep-sea container-ship cargo stowage problem.}},
    year = {1997},
    author = {Wilson, ID},
    url = {http://ethos.bl.uk/OrderDetails.do?uin=uk.bl.ethos.265471}
}

@inproceedings{H.Paul1976TheUnloading,
    title = {{The automated planning and sequencing of containers for containership loading and unloading}},
    year = {1976},
    booktitle = {Proceedings of the 2nd IFAC/IFIP Symposium},
    author = {H. Paul, Cojeen and Peter, Van Dyke}
}

@article{Imai2002TheProblem,
    title = {{The Containership Loading Problem}},
    year = {2002},
    journal = {International Journal of Maritime Economics},
    author = {Imai, Akio and Nishimura, Etsuko and Papadimitriou, Stratos and Sasaki, Kazuya},
    number = {2},
    month = {6},
    pages = {126--148},
    volume = {4},
    url = {http://www.palgrave-journals.com/doifinder/10.1057/palgrave.ijme.9100041},
    doi = {10.1057/palgrave.ijme.9100041},
    issn = {1388-1973},
    keywords = {container, container transportation, load planning, ship stability}
}

@article{Sciomachen2003TheProblem,
    title = {{The master bay plan problem: A solution method based on its connection to the three-dimensional bin packing problem}},
    year = {2003},
    journal = {IMA Journal of Management Mathematics},
    author = {Sciomachen, Anna and Tanfani, Elena},
    number = {3},
    pages = {251--269},
    volume = {14},
    doi = {10.1093/imaman/14.3.251},
    issn = {1471678X},
    keywords = {Heuristic algorithm, Stowage plan, Three-dimensional bin packing problem}
}

@techreport{Monaco2008THEPROBLEM,
    title = {{THE SHIP STOWAGE PLANNING PROBLEM}},
    year = {2008},
    author = {Monaco, M F and Sammarra, M},
    keywords = {container stowing, heuristic, maritime logistics}
}

@incollection{Jensen2018TheCapacity,
    title = {{The Standard Capacity Model: Towards a Polyhedron Representation of Container Vessel Capacity}},
    year = {2018},
    booktitle = {Computational Logistics},
    author = {Jensen, Rune Møller and Ajspur, Mai Lise},
    number = {2016},
    pages = {175--190},
    volume = {8197 },
    publisher = {Springer International Publishing},
    url = {http://link.springer.com/10.1007/978-3-642-41019-2},
    isbn = {978-3-642-41018-5},
    doi = {10.1007/978-3-030-00898-7},
    keywords = {Container vessel capacity, Linear modelling, Stowage planning, container vessel capacity}
}

@article{Fazi2019TheRequirements,
    title = {{The Stowage of Containers for Inland Shipping: A System for Maximizing Containers Allocation and Meeting Stability Requirements}},
    year = {2019},
    journal = {IEEE International Conference on Industrial Engineering and Engineering Management},
    author = {Fazi, S.},
    pages = {391--395},
    volume = {2019-Decem},
    publisher = {IEEE},
    isbn = {9781538667866},
    doi = {10.1109/IEEM.2018.8607273},
    issn = {2157362X},
    keywords = {Containers, DSS, Inland shipping, MILP, Stowage}
}

@article{Wang2014TheConstraint,
    title = {{The Stowage Stack Minimization Problem with Zero Rehandle Constraint}},
    year = {2014},
    author = {Wang, Ning and Zhang, Zizhen and Lim, Andrew},
    pages = {456--465},
    keywords = {constructive heuristic, container ship stowage planning, rehandle, stack minimization, zero}
}

@article{Monaco2014TheProblem,
    title = {{The Terminal-Oriented Ship Stowage Planning Problem}},
    year = {2014},
    journal = {European Journal of Operational Research},
    author = {Monaco, Maria Flavia and Sammarra, Marcello and Sorrentino, Gregorio},
    month = {5},
    publisher = {Elsevier B.V.},
    url = {http://linkinghub.elsevier.com/retrieve/pii/S0377221714004536},
    doi = {10.1016/j.ejor.2014.05.030},
    issn = {03772217}
}

@article{Sculli1988ThreeContainers,
    title = {{Three dimensional stacking of containers}},
    year = {1988},
    journal = {Omega},
    author = {Sculli, D. and Hui, CF},
    number = {6},
    volume = {16},
    doi = {10.1016/0305-0483(88)90032-1},
    issn = {03050483}
}

@inproceedings{Lee2016TowardsOrdering,
    title = {{Towards real-time automated stowage planning - Optimizing constraint test ordering}},
    year = {2016},
    booktitle = {Lecture Notes in Computer Science (including subseries Lecture Notes in Artificial Intelligence and Lecture Notes in Bioinformatics)},
    author = {Lee, Zhuo Qi and Fan, Rui and Hsu, Wen Jing},
    volume = {9855 LNCS},
    doi = {10.1007/978-3-319-44896-1{\_}12},
    issn = {16113349}
}

@incollection{Ambrosino2015UsingContainerships,
    title = {{Using a Bin Packing Approach for Stowing Hazardous Containers into Containerships}},
    year = {2015},
    booktitle = {Optimized Packings with Applications},
    author = {Ambrosino, Daniela and Sciomachen, Anna},
    chapter = {1},
    pages = {1--18},
    volume = {105},
    publisher = {Springer International Publishing},
    isbn = {9783319188997},
    doi = {10.1007/978-3-319-18899-7},
    keywords = {bin packing, code, combinatorial optimization, hazardous containers, international maritime dangerous goods, master bay plan problem}
}

@article{Aye2010VisualizationSystem,
    title = {{Visualization and simulation tool for automated stowage plan generation system}},
    year = {2010},
    journal = {Proceedings of the International MultiConference of Engineers and Computer Scientists 2010, IMECS 2010},
    author = {Aye, Win Cho and Low, Malcolm Yoke Hean and Ying, Huang Shell and Jing, Hsu Wen and Fan, Liu and Min, Zeng},
    pages = {1013--1019},
    volume = {II},
    isbn = {9789881701282},
    issn = {2078-0958},
    keywords = {Animation, Simulation, Stowage plan, Visualization}
}