@article{abadie2003economic,
  title={The Economic Costs of Conflict: A Case Study of the Basque Country},
  author={Abadie, A. and Gardeazabal, J.},
  journal={American Economic Review},
  volume={93},
  number={1},
  pages={113--132},
  year={2003}
}

@article{abadie2010synthetic,
  title={Synthetic control methods for comparative case studies: Estimating the effect of California's tobacco control program},
  author={Abadie, A. and Diamond, A. and Hainmueller, J.},
  journal={Journal of the American Statistical Association},
  volume={105},
  number={490},
  pages={493--505},
  year={2010}
}

@article{abozaid2012inflation,
  title={Inflation Targeting: A Three-Decade Perspective},
  author={Abo-Zaid, S. and Tuzemen, D.},
  journal={Journal of Policy Modeling},
  volume={34},
  number={5},
  pages={621--645},
  year={2012}
}

@incollection{agenor2002monetary,
  title={Monetary Policy under Flexible Exchange Rates: An Introduction to Inflation Targeting},
  author={Agénor, P.-R.},
  booktitle={Ten Years of Inflation Targeting: Design, Performance, Challenges},
  editor={Loayza, N. and Soto, R.},
  pages={79--169},
  year={2002},
  publisher={Central Bank of Chile},
  address={Santiago}
}

@article{aizenman2010inflation,
  title={Inflation targeting and real exchange rates in emerging markets},
  author={Aizenman, J. and Hutchison, M. and Noy, I.},
  journal={World Development},
  volume={39},
  pages={712--724},
  year={2010}
}

@article{almeida1998does,
  title={Does the Adoption of Inflation Targets Affect Central Bank Behaviour?},
  author={Almeida, A. and Goodhart, C.A.E.},
  journal={Banca Nazionale del Lavoro Quarterly Review},
  volume={51},
  number={204},
  pages={19--107},
  year={1998}
}

@article{alpanda2014impact,
  title={The impact of central bank independence on the performance of inflation targeting regimes},
  author={Alpanda, S. and Honig, A.},
  journal={Journal of International Money and Finance},
  volume={44},
  pages={118--135},
  year={2014}
}

@article{amato2002inflation,
  title={Inflation targeting in emerging market and transition economies: Lessons after a decade},
  author={Amato, J.D. and Gerlach, S.},
  journal={European Economic Review},
  volume={46},
  number={4-5},
  pages={781--790},
  year={2002}
}

@article{amira2013growth,
  title={Growth effects of inflation targeting revisited: empirical evidence from emerging markets},
  author={Amira, B. and Mouldi, D. and Feridun, M.},
  journal={Applied Economics Letters},
  volume={20},
  number={6},
  pages={587--591},
  year={2013}
}

@article{andersen1999sacrifice,
  title={Sacrifice Ratios and the Conduct of Monetary Policy in Conditions of Low Inflation},
  author={Andersen, P.S. and Wascher, W.L.},
  journal={BIS Working Papers},
  number={82},
  year={1999}
}

@article{ball2004does,
  title={Does inflation targeting matter?},
  author={Ball, L. and Sheridan, N.},
  journal={NBER Working Paper},
  volume={9577},
  year={2003},
  publisher={National Bureau of Economic Research}
}

@article{batini2006understanding,
  title={Understanding the dynamics of inflation: Implications for monetary policy},
  author={Batini, N. and Haldane, A.},
  journal={Journal of Monetary Economics},
  volume={53},
  number={7},
  pages={1235--1256},
  year={2006}
}

@article{benigno2001price,
  title={Price stability with imperfect financial integration},
  author={Benigno, P.},
  journal={Journal of Money, Credit and Banking},
  volume={33},
  number={3},
  pages={546--584},
  year={2001}
}

@article{bernanke1997inflation,
  title={Inflation targeting: A new framework for monetary policy?},
  author={Bernanke, B.S. and Mishkin, F.S.},
  journal={Journal of Economic Perspectives},
  volume={11},
  number={2},
  pages={97--116},
  year={1997}
}

@article{blanchard2001long,
  title={The long and large decline in US output volatility},
  author={Blanchard, O. and Simon, J.},
  journal={Brookings Papers on Economic Activity},
  volume={32},
  number={1},
  pages={135--174},
  year={2001}
}

@article{broz2010effectiveness,
  title={The effectiveness of monetary policy anchors: Firm-level evidence},
  author={Broz, J.L. and Plouffe, M.},
  journal={International Organization},
  volume={64},
  number={4},
  pages={695--717},
  year={2010}
}

@article{buffie2018inflation,
  title={Inflation targeting and exchange rate management in less developed countries},
  author={Buffie, E.F. and Airaudo, M. and Zanna, L.-F.},
  journal={Journal of International Money and Finance},
  volume={81},
  pages={159--184},
  year={2018}
}

@article{genc2007inflation,
  title={Inflation targeting and inflation performance: An international comparison},
  author={Genc, I.H. and Ghazanchyan, M. and Selim, H.},
  journal={Journal of Comparative Economics},
  volume={35},
  number={1},
  pages={22--38},
  year={2007}
}

@article{goncalves2008inflation,
  title={Inflation targeting in emerging economies: What do the data say?},
  author={Gonçalves, C.E.S. and Salles, J.M.},
  journal={Journal of Development Economics},
  volume={85},
  number={1-2},
  pages={312--318},
  year={2008}
}

@article{gurkaynak2010does,
  title={Does inflation targeting anchor long-run inflation expectations? Evidence from the US, UK, and Sweden},
  author={Gürkaynak, R.S. and Levin, A.T. and Swanson, E.T.},
  journal={Journal of the European Economic Association},
  volume={8},
  number={6},
  pages={1208--1242},
  year={2010}
}

@article{imf2006inflation,
  title={Inflation Targeting and the IMF},
  author={IMF},
  journal={Washington DC: International Monetary Fund},
  year={2006}
}

@article{jonas2007inflation,
  title={Inflation targeting in transition economies: Experience and prospects},
  author={Jonas, J. and Mishkin, F.S.},
  journal={Cambridge, Massachusetts, and London: The MIT Press},
  volume={345},
  pages={403},
  year={2007}
}

@article{katayama2019what,
  title={What determines the sacrifice ratio? A Bayesian model averaging approach},
  author={Katayama, H. and Ponomareva, N. and Sharma, M.},
  journal={Oxford Bulletin of Economics and Statistics},
  volume={81},
  number={5},
  pages={960--988},
  year={2019}
}

@article{kim2017managing,
  title={Managing price and financial stability objectives in inflation targeting economies in Asia and the Pacific},
  author={Kim, S. and Mehrotra, A.},
  journal={Journal of Financial Stability},
  volume={29},
  pages={106--116},
  year={2017}
}

@article{laubach1997inflation,
  title={Inflation targeting in transition economies: Experience and prospects},
  author={Laubach, T. and Posen, A.},
  journal={Economic Journal},
  volume={107},
  number={442},
  pages={1--20},
  year={1997}
}

@article{lin2007does,
  title={Does inflation targeting make a difference in developing countries?},
  author={Lin, S. and Ye, H.},
  journal={Journal of Development Economics},
  volume={82},
  number={1},
  pages={215--231},
  year={2007}
}

@article{mishkin2007inflation,
  title={Inflation targeting in emerging market countries},
  author={Mishkin, F.S. and Savastano, M.A.},
  journal={American Economic Review},
  volume={97},
  number={2},
  pages={239--245},
  year={2007}
}

@article{petursson2004inflation,
  title={Inflation targeting and the effects of inflation targets},
  author={Pétursson, T.G.},
  journal={Central Bank of Iceland Working Paper},
  volume={23},
  year={2004}
}

@article{svensson2010inflation,
  title={Inflation targeting},
  author={Svensson, L.E.O.},
  journal={Handbook of Monetary Economics},
  volume={3},
  pages={1237--1302},
  year={2010}
}

@article{walsh2009inflation,
  title={Inflation targeting: What have we learned?},
  author={Walsh, C.E.},
  journal={International Finance},
  volume={12},
  number={2},
  pages={195--233},
  year={2009}
}

@article{Daniels2006,
  author = {Daniels, J. and Nourzad, F. and VanHoose, D.},
  title = {Openness, centralized wage bargaining, and inflation},
  journal = {European Journal of Political Economy},
  year = {2006},
  volume = {22},
  number = {4},
  pages = {969-988}
}
@article{Daniels2006b,
  author = {Daniels, J. P. and VanHoose, D. D.},
  title = {Openness, the sacrifice ratio, and inflation: Is there a puzzle?},
  journal = {Journal of International Money and Finance},
  year = {2006},
  volume = {25},
  number = {8},
  pages = {1336-1347}
}

@article{Daniels2009,
  author = {Daniels, J. P. and VanHoose, D. D.},
  title = {Trade openness, capital mobility, and the sacrifice ratio},
  journal = {Open Economies Review},
  year = {2009},
  volume = {20},
  number = {4},
  pages = {473-487}
}

@article{Daniels2013,
  author = {Daniels, J. P. and VanHoose, D. D.},
  title = {Exchange-rate pass through, openness, and the sacrifice ratio},
  journal = {Journal of International Money and Finance},
  year = {2013},
  volume = {36},
  pages = {131-150}
}

@techreport{Davis2014,
  author = {Davis, J. S. and Presno, I.},
  title = {Inflation targeting and the anchoring of inflation expectations: Cross-country evidence from consensus forecasts},
  institution = {Federal Reserve Bank of Dallas, Globalization and Monetary Policy Institute},
  year = {2014},
  number = {Working Paper No. 174}
}

@techreport{DeCarvalho2010,
  author = {De Carvalho Filho, I.},
  title = {Inflation Targeting and the Crisis: An Empirical Assessment},
  institution = {International Monetary Fund},
  year = {2010},
  number = {Working Paper 10/45},
  address = {Washington, D.C.}
}

@article{DeCarvalho2011,
  author = {De Carvalho Filho, I. E.},
  title = {28 months later: how inflation targeters outperformed their peers in the great recession},
  journal = {The B.E. Journal of Macroeconomics},
  year = {2011},
  volume = {11},
  number = {1},
  pages = {Article 22}
}

@article{DeMendonca2007,
  author = {De Mendonça, H. F.},
  title = {Empirical evidence from fourteen countries with explicit inflation targeting},
  journal = {Applied Economics Letters},
  year = {2007},
  volume = {14},
  number = {8},
  pages = {573-576}
}

@article{DeMendonca2012,
  author = {De Mendonça, H. F. and de Guimarães e Souza, G. J.},
  title = {Is Inflation Targeting a Good Remedy to Control Inflation?},
  journal = {Journal of Development Economics},
  year = {2012},
  volume = {98},
  number = {2},
  pages = {178-91}
}

@article{DePooter2014,
  author = {De Pooter, M. and Robitaille, P. and Walker, I. and Zdinak, M.},
  title = {Are long-term inflation expectations well anchored in Brazil, Chile, and Mexico?},
  journal = {International Journal of Central Banking},
  year = {2014},
  volume = {10},
  number = {2},
  pages = {337-400}
}

@article{abozaid2012inflation,
  title={Inflation Targeting: A Three-Decade Perspective},
  author={Abo-Zaid, S. and Tuzemen, D.},
  journal={Journal of Policy Modeling},
  volume={34},
  number={5},
  pages={621--645},
  year={2012}
}

@article{aizenman2010inflation,
  title={Inflation targeting and real exchange rates in emerging markets},
  author={Aizenman, J. and Hutchison, M. and Noy, I.},
  journal={World Development},
  volume={39},
  pages={712--724},
  year={2010}
}

@article{amira2013growth,
  title={Growth effects of inflation targeting revisited: empirical evidence from emerging markets},
  author={Amira, B. and Mouldi, D. and Feridun, M.},
  journal={Applied Economics Letters},
  volume={20},
  number={6},
  pages={587--591},
  year={2013}
}

@article{ardakani2018reevaluating,
  title={Re-evaluating the effectiveness of inflation targeting},
  author={Ardakani, M. O. and Kishor, K. N. and Song, S.},
  journal={Journal of Economic Dynamics and Control},
  volume={90},
  pages={76--97},
  year={2018}
}

@article{armand2017inflation,
  title={Inflation targeting and financial stability in emerging markets},
  author={Armand, F. A.},
  journal={Economic Modelling},
  volume={60},
  pages={51--70},
  year={2017}
}

@article{ball1999efficient,
  title={Efficient Rules for Monetary Policy},
  author={Ball, L.},
  journal={International Finance},
  volume={2},
  number={1},
  pages={63--83},
  year={1999}
}

@incollection{ball1999policy,
  title={Policy rules for open economies},
  author={Ball, L.},
  booktitle={Monetary policy rules},
  editor={Taylor, J. B.},
  pages={127--156},
  year={1999},
  publisher={University of Chicago Press}
}

@incollection{ball2010performance,
  title={The performance of alternative monetary regimes},
  author={Ball, L.},
  booktitle={Handbook of monetary economics},
  editor={Friedman, B. M. and Woodford, M.},
  volume={3B},
  chapter={23},
  pages={1303--1343},
  year={2010},
  publisher={Elsevier}
}

@article{ball2008inflation,
  title={Inflation targeting or fear of floating in disguise? A broader perspective},
  author={Ball, C. P. and Reyes, J.},
  journal={Journal of Macroeconomics},
  volume={30},
  number={1},
  pages={308--326},
  year={2008}
}

@article{baltensperger2000central,
  title={Central bank independence and sacrifice ratios: Some further considerations},
  author={Baltensperger, E. and Kugler, P.},
  journal={Open Economies Review},
  volume={11},
  pages={111--125},
  year={2000}
}

@article{amato2002,
  author = {Amato, Jeffery D. and Gerlach, Stefan},
  title = {Inflation Targeting in Emerging Market and Transition Economies: Lessons after a Decade},
  journal = {European Economic Review},
  volume = {46},
  number = {4-5},
  pages = {781-790},
  year = {2002}
}

@book{arellano2003,
  author = {Arellano, Manuel},
  title = {Panel Data Econometrics},
  publisher = {Oxford University Press},
  year = {2003}
}

@article{arsi2022,
  author = {Arsić, Milojko and Mladenović, Zorica and Nojković, Aleksandar},
  title = {Macroeconomic Performance of Inflation Targeting in European and Asian Emerging Economies},
  journal = {Journal of Policy Modeling},
  volume = {44},
  number = {3},
  pages = {675-700},
  year = {2022}
}

@article{ayres2014,
  author = {Ayres, Kevin and Belasen, Ariel R. and Kutan, Ali M.},
  title = {Does Inflation Targeting Lower Inflation and Spur Growth?},
  journal = {Journal of Policy Modeling},
  volume = {36},
  number = {2},
  pages = {373-388},
  year = {2014}
}

@article{balima2020,
  author = {Balima, Hippolyte and Kilama, Eric G. and Tapsoba, Rene},
  title = {Settling the Inflation Targeting Debate: Light from a Meta-Regression Analysis},
  journal = {IMF Working Paper},
  number = {WP/17/213},
  year = {2020}
}

@article{batini2007,
  author = {Batini, Nicoletta and Laxton, Douglas},
  title = {Under What Conditions Can Inflation Targeting Be Adopted? The Experience of Emerging Markets},
  journal = {Monetary Policy under Inflation Targeting},
  pages = {467-506},
  year = {2007}
}

@article{cecchetti2001,
  author = {Cecchetti, Stephen G. and Rich, Robert},
  title = {Structural Estimates of the U.S. Sacrifice Ratio},
  journal = {Journal of Business and Economic Statistics},
  volume = {19},
  number = {4},
  pages = {416-427},
  year = {2001}
}

@book{de2003,
  author = {Debelle, Guy},
  title = {The Ends of Three Small Inflations: Australia, New Zealand, and Canada},
  journal = {Canadian Public Policy},
  volume = {22},
  number = {1},
  pages = {56-78},
  year = {1996}
}

@article{demendonca2012,
  author = {De Mendonça, Helder Ferreira and de Guimarães e Souza, Gilberto José},
  title = {Is Inflation Targeting a Good Remedy to Control Inflation?},
  journal = {Journal of Development Economics},
  volume = {98},
  number = {2},
  pages = {178-191},
  year = {2012}
}

@article{dotsey2006,
  author = {Dotsey, Michael},
  title = {A Review of Inflation Targeting in Developed Countries},
  journal = {Federal Reserve Bank of Philadelphia Business Review},
  volume = {Q3},
  pages = {10-20},
  year = {2006}
}

@article{freedman2009,
  author = {Freedman, Charles and Ötker-Robe, İnci},
  title = {Country Experiences with the Introduction and Implementation of Inflation Targeting},
  journal = {IMF Working Paper},
  number = {09/161},
  year = {2009}
}

@article{frey2014,
  author = {Frey, Carl Benedict and Osborne, Michael A.},
  title = {The Future of Employment: How Susceptible Are Jobs to Computerisation?},
  journal = {Technological Forecasting and Social Change},
  volume = {114},
  pages = {254-280},
  year = {2017}
}

@article{gali2005,
  author = {Galí, Jordi and Gertler, Mark},
  title = {Macroeconomic Modelling for Monetary Policy Evaluation},
  journal = {Journal of Economic Perspectives},
  volume = {21},
  number = {4},
  pages = {25-46},
  year = {2007}
}

@article{hossain2014,
  author = {Hossain, Akhand Akhtar},
  title = {Monetary Policy, Inflation, and Inflation Volatility in Australia},
  journal = {Journal of Post Keynesian Economics},
  volume = {36},
  number = {4},
  pages = {745-780},
  year = {2014}
}

@article{hughes2003,
  author = {Hughes Hallett, Andrew and Libich, Jan},
  title = {Central Bank Independence, Accountability and Transparency: Complements or Strategic Substitutes?},
  journal = {CEPR Discussion Papers},
  number = {3707},
  year = {2003}
}

@article{imf2006,
  author = {IMF},
  title = {Inflation Targeting and the IMF},
  journal = {International Monetary Fund},
  year = {2006}
}

@article{imf2020,
  author = {IMF},
  title = {Annual Report on Exchange Arrangements and Exchange Restrictions},
  journal = {International Monetary Fund},
  year = {2020}
}

@article{jonas2007,
  author = {Jonas, Jiri and Mishkin, Frederic S.},
  title = {Inflation Targeting in Transition Economies: Experience and Prospects},
  journal = {Monetary Policy Strategy},
  pages = {345-403},
  year = {2007}
}

@article{kapetanios2012,
  author = {Kapetanios, George and Mumtaz, Haroon and Stevens, Ian and Theodoridis, Konstantinos},
  title = {Assessing the Economy-wide Effects of Quantitative Easing},
  journal = {Economic Journal},
  volume = {122},
  number = {564},
  pages = {316-347},
  year = {2012}
}

@article{kaseeram2011,
  author = {Kaseeram, Intisaar and Contogiannis, Elias},
  title = {The Impact of Inflation Targeting on Inflation Volatility in South Africa},
  journal = {The African Finance Journal},
  volume = {13},
  number = {si-1},
  pages = {34-52},
  year = {2011}
}

@article{kim2017,
  author = {Kim, Soyoung and Mehrotra, Aaron},
  title = {Managing Price and Financial Stability Objectives in Inflation Targeting Economies in Asia and the Pacific},
  journal = {Journal of Financial Stability},
  volume = {29},
  pages = {106-116},
  year = {2017}
}

@article{kockerols2007,
  author = {Kockerols, Tobias and Stapel-Weber, Silke},
  title = {Inflation Targeting in the United Kingdom},
  journal = {Economic Review},
  volume = {37},
  number = {1},
  pages = {25-42},
  year = {2007}
}

@article{lin2007,
  author = {Lin, Shu and Ye, Hongsong},
  title = {Does Inflation Targeting Really Make a Difference? Evaluating the Treatment Effect of Inflation Targeting in Seven Industrial Countries},
  journal = {Journal of Monetary Economics},
  volume = {54},
  number = {8},
  pages = {2521-2533},
  year = {2007}
}

@article{lin2009,
  author = {Lin, Shu and Ye, Hongsong},
  title = {Does Inflation Targeting Make a Difference in Developing Countries?},
  journal = {Journal of Development Economics},
  volume = {89},
  number = {1},
  pages = {118-123},
  year = {2009}
}

@article{lucotte2010,
  author = {Lucotte, Yannick},
  title = {The Choice of Adopting Inflation Targeting in Emerging Market Economies: Do Institutional Quality and Fiscal Performance Matter?},
  journal = {Economic Modelling},
  volume = {27},
  number = {4},
  pages = {1195-1201},
  year = {2010}
}

@article{mendonca2012,
  author = {Mendonça, Helder Ferreira and de Guimarães e Souza, Gilberto José},
  title = {Is Inflation Targeting a Good Remedy to Control Inflation?},
  journal = {Journal of Development Economics},
  volume = {98},
  number = {2},
  pages = {178-191},
  year = {2012}
}

@article{minea2021,
  author = {Minea, Alexandru and Tapsoba, Rene and Villieu, Patrick},
  title = {Inflation Targeting and Fiscal Rules: Do Interactions and Sequencing Matter?},
  journal = {Journal of Macroeconomics},
  volume = {68},
  pages = {103259},
  year = {2021}
}

@article{mishkin2007,
  author = {Mishkin, Frederic S. and Schmidt-Hebbel, Klaus},
  title = {Does Inflation Targeting Make a Difference?},
  journal = {Monetary Policy under Inflation Targeting},
  pages = {291-372},
  year = {2007}
}

@article{rudebusch1999,
  author = {Rudebusch, Glenn D. and Svensson, Lars E. O.},
  title = {Policy Rules for Inflation Targeting},
  journal = {Monetary Policy Rules},
  pages = {203-262},
  year = {1999}
}

@article{samuelson2003,
  author = {Samuelson, Paul A. and Nordhaus, William D.},
  title = {Macroeconomics},
  publisher = {McGraw-Hill},
  year = {2003}
}

@article{schmidt2016,
  author = {Schmidt-Hebbel, Klaus and Carrasco, Maria},
  title = {The Past and Future of Inflation Targeting: Implications for Emerging-Market and Developing Economies},
  journal = {Monetary Policy in India},
  pages = {583-622},
  year = {2016}
}

@article{ball1999a,
  author = {Ball, L.},
  title = {Efficient Rules for Monetary Policy},
  journal = {International Finance},
  volume = {2},
  number = {1},
  pages = {63-83},
  year = {1999}
}

@inbook{haldane1999,
  author = {Haldane, A. G. and Batini, N.},
  title = {Forward-Looking Rules for Monetary Policy},
  booktitle = {Monetary policy rules},
  editor = {Taylor, J. B.},
  publisher = {University of Chicago Press},
  pages = {157-202},
  year = {1999}
}

@inbook{rudebusch1999,
  author = {Rudebusch, G. D. and Svensson, L. E. O.},
  title = {Policy Rules for Inflation Targeting},
  booktitle = {Monetary policy rules},
  editor = {Taylor, J. B.},
  publisher = {University of Chicago Press},
  pages = {203-262},
  year = {1999}
}

@article{svensson1999a,
  author = {Svensson, L. E. O.},
  title = {Inflation Targeting: Some Extensions},
  journal = {Scandinavian Journal of Economics},
  volume = {101},
  number = {3},
  pages = {337-361},
  year = {1999}
}

@article{svensson1999b,
  author = {Svensson, L. E. O.},
  title = {Inflation targeting as a monetary policy rule},
  journal = {Journal of Monetary Economics},
  volume = {43},
  number = {3},
  pages = {607-654},
  year = {1999}
}

@book{eichengreen1999,
  author = {Eichengreen, B. and Masson, R. P. and Savastano, M. and Sharma, S.},
  title = {Transition Strategies and Nominal Anchors on the Road to Greater Exchange-Rate Flexibility},
  series = {Essays in International Economics},
  number = {213},
  publisher = {Princeton University, International Finance Section, Department of Economics},
  year = {1999}
}

@techreport{freedman2009a,
  author = {Freedman, C. and Laxton, D.},
  title = {Why Inflation targeting?},
  institution = {International Monetary Fund},
  type = {IMF Working Paper},
  number = {WP/09/86},
  year = {2009}
}

@techreport{freedman2009b,
  author = {Freedman, C. and Ötker-Robe, I.},
  title = {Country Experiences with the Introduction and Implementation of Inflation Targeting},
  institution = {International Monetary Fund},
  type = {IMF Working Paper},
  number = {09/161},
  year = {2009}
}

@techreport{masson1997,
  author = {Masson, P. R. and Savastano, M. A. and Sharma, S.},
  title = {The Scope for Inflation Targeting in Developing Countries},
  institution = {International Monetary Fund},
  type = {IMF Working Paper},
  number = {97/130},
  year = {1997}
}

@article{mishkin2000,
  author = {Mishkin, F. S.},
  title = {Inflation Targeting in Emerging Market Countries},
  journal = {American Economic Review},
  volume = {90},
  number = {2},
  pages = {105-109},
  year = {2000}
}

@article{mishkin2002a,
  author = {Mishkin, F. S. and Savastano, M. A.},
  title = {Monetary Policy Strategies for Emerging Market Countries: Lessons from Latin America},
  journal = {Comparative Economic Studies},
  volume = {44},
  number = {2},
  pages = {45-83},
  year = {2002}
}

@inbook{mishkin2002b,
  author = {Mishkin, F. S. and Schmidt-Hebbel, K.},
  title = {A Decade of Inflation Targeting in the World: What Do We Know and What Do We Need to Know?},
  booktitle = {Inflation Targeting: Design, Performance, Challenges},
  editor = {Loayza, N. and Soto, R.},
  publisher = {Central Bank of Chile},
  pages = {171-219},
  year = {2002}
}

@article{agenor2002,
  author = {Agénor, P-R.},
  title = {Monetary Policy under Flexible Exchange Rates: An Introduction to Inflation Targeting},
  journal = {International Finance},
  volume = {5},
  number = {1},
  pages = {1-22},
  year = {2002}
}

@article{amato2002,
  author = {Amato, J. D. and Gerlach, S.},
  title = {Inflation targeting in emerging market and transition economies: Lessons after a decade},
  journal = {European Economic Review},
  volume = {46},
  number = {4-5},
  pages = {781-790},
  year = {2002}
}

@inbook{batini2007,
  author = {Batini, N. and Laxton, D.},
  title = {Under What Conditions Can Inflation Targeting Be Adopted? The Experience of Emerging Markets},
  booktitle = {Monetary Policy under Inflation Targeting},
  editor = {Mishkin, F. S. and Schmidt-Hebbel, K.},
  publisher = {Central Bank of Chile},
  pages = {467-506},
  year = {2007}
}

@techreport{carare2002,
  author = {Carare, A. and Schaechter, A. and Stone, M. R. and Zelmer, M.},
  title = {Establishing Initial Conditions in Support of Inflation Targeting},
  institution = {International Monetary Fund},
  type = {IMF Working Paper},
  number = {02/102},
  year = {2002}
}

@techreport{carare2006,
  author = {Carare, A. and Stone, M. R.},
  title = {Inflation Targeting Regimes and the Effects on the Structure of the Economy},
  institution = {International Monetary Fund},
  type = {IMF Working Paper},
  number = {06/117},
  year = {2006}
}

@techreport{frey2014,
  author = {Frey-McKibbin, R. and Wang, C.},
  title = {Does Inflation Targeting Outperform Alternative Policies During Global Downturns?},
  institution = {CAMA Working Paper},
  number = {64/2014},
  year = {2014}
}

@article{lin2010,
  author = {Lin, S.},
  title = {On the international effects of inflation targeting},
  journal = {The Review of Economics and Statistics},
  volume = {92},
  number = {1},
  pages = {195-199},
  year = {2010}
}

@article{lin2007,
  author = {Lin, S. and Ye, H.},
  title = {Does inflation targeting really make a difference? Evaluating the treatment effect of inflation targeting in seven industrial countries},
  journal = {Journal of Monetary Economics},
  volume = {54},
  number = {8},
  pages = {2521-2533},
  year = {2007}
}

@article{lin2009,
  author = {Lin, S. and Ye, H.},
  title = {Does Inflation Targeting Make a Difference in Developing Countries?},
  journal = {Journal of Development Economics},
  volume = {89},
  number = {1},
  pages = {118-123},
  year = {2009}
}

@article{minea2014,
  author = {Minea, A. and Tapsoba, R.},
  title = {Does inflation targeting improve fiscal discipline? An empirical investigation},
  journal = {Economic Modelling},
  volume = {42},
  pages = {157-164},
  year = {2014}
}

@article{ismailov2016,
  author = {Ismailov, A. and Kocenda, E. and Zeynalov, A.},
  title = {Exchange Rate Regimes and Macroeconomic Performance: Evidence from Central and Eastern Europe},
  journal = {Economic Systems},
  volume = {40},
  number = {1},
  pages = {28-42},
  year = {2016}
}

@article{irsova2018,
  author = {Irsova, Z. and Kocenda, E. and Zeynalov, A.},
  title = {Evaluating the Impact of Inflation Targeting on Inflation and Unemployment},
  journal = {Journal of International Money and Finance},
  volume = {86},
  pages = {309-328},
  year = {2018}
}

@book{irsova2020,
  author = {Irsova, Z. and Kocenda, E. and Zeynalov, A.},
  title = {Monetary Policy and the Economy},
  publisher = {Cambridge University Press},
  year = {2020}
}

@article{freedman2010,
  author = {Freedman, C. and Ötker-Robe, I.},
  title = {Important Elements for Inflation Targeting for Emerging Economies},
  journal = {IMF Working Paper},
  number = {10/113},
  year = {2010}
}

@techreport{mishkin2007,
  author = {Mishkin, F. S. and Schmidt-Hebbel, K.},
  title = {Monetary Policy under Inflation Targeting: An Introduction},
  institution = {Central Bank of Chile},
  type = {IMF Working Paper},
  number = {WP/07/123},
  year = {2007}
}

@book{mishkin1999,
  author = {Mishkin, F. S.},
  title = {International Experiences with Different Monetary Policy Regimes},
  publisher = {NBER},
  year = {1999}
}

@article{carare2003,
  author = {Carare, A. and Schaechter, A. and Stone, M. R. and Zelmer, M.},
  title = {Establishing Initial Conditions in Support of Inflation Targeting},
  journal = {Economic Issues},
  volume = {6},
  pages = {1-22},
  year = {2003}
}

@article{batini2005,
  author = {Batini, N. and Laxton, D.},
  title = {Under What Conditions Can Inflation Targeting Be Adopted? The Experience of Emerging Markets},
  journal = {Economic Issues},
  volume = {8},
  pages = {1-22},
  year = {2005}
}

@article{arndt2016,
  author = {Arndt, C. and Barnebeck Andersen, T. and Peichl, A. and Reichlin, L.},
  title = {The Macroeconomic Effects of Inflation Targeting in Emerging Market Economies},
  journal = {Review of World Economics},
  volume = {152},
  number = {4},
  pages = {1-22},
  year = {2016}
}
