@string{ALLERTON  = {Proc.~44th Annual Allerton Conf.~on Commun., Control, and Computing}}
@string{ICASSP  = {Proc.~IEEE Int.~Conf.~Acoust., Speech, and Signal Processing}}
@string{ISCAS   = {Proc.~IEEE Int.~Symp.~Circuits and Systems}}
@string{ISCCSP  = {Proc.~IEEE Int.~Symp.~on Communications, Control and Signal Processing}}
@string{EUSIPCO = {Proc.~European Signal Processing Conf.}}
@string{EURASIP = {Eurasip J.}}
@string{GLOBECOM= {Proc.~IEEE Global Telecommun.~Conf. (GLOBECOM)}}
@string{DCC     = {Proc.~IEEE Data Compression Conf.}}
@string{ISIT    = {Proc.~IEEE Int.~Symp.~Inf.~Theory (ISIT)}}
@string{ITASSP  = {IEEE Trans.~Acoust., Speech, Signal Processing}}this might be not feasible
@string{SPAWC  = {IEEE Workshop on Signal Processing Advances in Wireless Communications}}
@string{ITSP    = {IEEE Trans.~Signal Processing}}
@string{ITSAP   = {IEEE Trans.~Speech and Audio Processing}}
@string{ITCS    = {IEEE Trans.~Circuits and Syst.~II}}
@string{ITIP    = {IEEE Trans.~Image Processing}}
@string{ITCOM   = {IEEE Trans.~Commun.}} 
@string{JSSC    = {IEEE J. Solid-St. Circ.}}
@string{ITWIREL = {IEEE Trans.~Wireless Commun.}}
@string{IJSAC   = {IEEE J.~Sel.~Areas in Commun.}}
@string{ITIN    = {IEEE Trans.~Inf.~Theory}}
@string{ITSPLET = {IEEE Signal Processing Lett.}}
@string{ITCOMLET= {IEEE Commun.~Lett.}}
@string{ITVT    = {IEEE Trans. Veh. Technol. }}
@string{IJSTSP   = {IEEE J.~Sel.~Topics Signal Process.}}
@string{IWCMCC  = {Int. Wireless Commun. and Mobile Computing Conf.}}
@string{ITAP={IEEE Trans.~Antennas.~Propag}}
@string{ANNALS  = {Annals of Telecommun.}}
@string{ELETTER = {Electron.~Lett.}}
@string{ICMAG   = {IEEE Commun. Mag.}}   
@string{IWC   = {IEEE Wireless Commun. }}
@string{pricomm = {Proc.~IEEE Int.~Conf.~Commun. (ICC)}}
@string{TSYMP   = {Proc.~IEEE~Symp.~on Turbo Codes \& Iterative Information Processing}}
@string{VTC  = {Proc.~IEEE Vehicular Technology Conference (VTC)}}
@string{MILCOM  = {Proc.~IEEE Military Communications Conference (MILCOM)}}
@string{SECON  = {Proc.~IEEE Commun. Society on Sensor and Ad Hoc Commun. and Networks (SECON)}}
@string{BMSB = {\textit{Proc.~IEEE~Int.~Symp.~on~Broadband~Multimedia~Syst.~and~Broadcast. (BMSB)}}}

@ARTICLE{9495932,
  author={Yue, Mingyang and Liu, Lei and Yuan, Xiaojun},
  journal={IEEE Wireless Communications Letters}, 
  title={Practical {RIS}-Aided Coded Systems: Joint Precoding and Passive Beamforming}, 
  year={2021},
  volume={10},
  number={11},
  pages={2345-2349},
  doi={10.1109/LWC.2021.3099800}}

@inproceedings{Israakhaled2020WSA,
	title={Multi-User Digital Beamforming Based on Path Angle Information for {mm-Wave} {MIMO} Systems},
	author={Israa Khaled and Ammar {El Falou} and Charlotte Langlais and Bachar ElHassan and Michel Jezequel},
	booktitle={Proc.~Int. ITG Workshop on Smart Antennas (WSA)},
	year={2020},
	organization={VDE},
}

@inproceedings{khaled2019performance,
	title={Performance Evaluation of Linear Precoding {mmWave} Multi-User {MIMO} Systems with {NYUSIM} Channel Simulator},
	author={Khaled, Israa and {EL Falou}, Ammar  and Langlais, Charlotte and ELHassan, Bachar and Jezequel, Michel},
	booktitle={Proc.~IEEE Middle East and North Africa COMMunications Conference (MENACOMM)},
	year={2019},
	
}

@inproceedings{Roze2015,
	title={Millimeter-Wave Digital Beamsteering in Highly Line-of-Sight Environments for Massive {MIMO} Systems},
	author={Roz{\'e}, Antoine and H{\'e}lard, Maryline and Crussi{\`e}re, Matthieu and Langlais, Charlotte},
	booktitle={Wireless World Research Forum Meeting},
	volume={35},
	year={2015}
}
@ARTICLE{8910627,
  author={Wu, Qingqing and Zhang, Rui},
  journal={IEEE Communications Magazine}, 
  title={Towards Smart and Reconfigurable Environment: Intelligent Reflecting Surface Aided Wireless Network}, 
  year={2020},
  volume={58},
  number={1},
  pages={106-112},
  doi={10.1109/MCOM.001.1900107}}

  @ARTICLE{9828501,
  author={Huang, Jie and Wang, Cheng-Xiang and Sun, Yingzhuo and Feng, Rui and Huang, Jialing and Guo, Bolun and Zhong, Zhimeng and Cui, Tie Jun},
  journal={Proceedings of the IEEE}, 
  title={Reconfigurable Intelligent Surfaces: Channel Characterization and Modeling}, 
  year={2022},
  volume={110},
  number={9},
  pages={1290-1311},
  doi={10.1109/JPROC.2022.3186087}}

@article{chen2022reconfigurable,
  title={Reconfigurable Intelligent Surfaces for {6G} IoT Wireless Positioning: A Contemporary Survey},
  author={Chen, Rui and Liu, Mengjie and Hui, Yilong and Cheng, Nan and Li, Jiandong},
  year={2022},
  publisher={TechRxiv}
}
@article{alfattani2021link,
  title={Link budget analysis for reconfigurable smart surfaces in aerial platforms},
  author={Alfattani, Safwan and Jaafar, Wael and Hmamouche, Yassine and Yanikomeroglu, Halim and Yonga{\c{c}}oglu, Abbas},
  journal={IEEE Open Journal of the Commun. Society},
  volume={2},
  pages={1980--1995},
  year={2021},
  publisher={IEEE}
}

@ARTICLE{9326394,
  author={Wu, Qingqing and Zhang, Shuowen and Zheng, Beixiong and You, Changsheng and Zhang, Rui},
  journal={IEEE Transactions on Communications}, 
  title={Intelligent Reflecting Surface-Aided Wireless Communications: A Tutorial}, 
  year={2021},
  volume={69},
  number={5},
  pages={3313-3351},
  doi={10.1109/TCOMM.2021.3051897}}

@article{liaskos2018new,
  title={A new wireless communication paradigm through software-controlled metasurfaces},
  author={Liaskos, Christos and Nie, Shuai and Tsioliaridou, Ageliki and Pitsillides, Andreas and Ioannidis, Sotiris and Akyildiz, Ian},
  journal=ICMAG,
  volume={56},
  number={9},
  pages={162--169},
  year={2018},
  publisher={IEEE}
}

  @article{basar2019wireless,
  title={Wireless communications through reconfigurable intelligent surfaces},
  author={Basar, Ertugrul and Di Renzo, Marco and De Rosny, Julien and Debbah, Merouane and Alouini, Mohamed-Slim and Zhang, Rui},
  journal={IEEE access},
  volume={7},
  pages={116753--116773},
  year={2019},
  publisher={IEEE}
}

@INPROCEEDINGS{9833956,
  author={Nguyen, Nhan T. and Nguyen, V.-Dinh and Wu, Qingqing and TÃ¶lli, Antti and Chatzinotas, Symeon and Juntti, Markku},
  booktitle=SPAWC, 
  title={Hybrid Active-Passive Reconfigurable Intelligent Surface-Assisted Multi-User {MISO} Systems}, 
  year={2022},
  volume={},
  number={}}

  @ARTICLE{9998527,
  author={Zhang, Zijian and Dai, Linglong and Chen, Xibi and Liu, Changhao and Yang, Fan and Schober, Robert and Vincent Poor, H.},
  journal={IEEE Transactions on Communications}, 
  title={Active {RIS} vs. Passive {RIS}: Which Will Prevail in {6G?}}, 
  year={2022},
  volume={},
  number={},
  pages={1-1},
  doi={10.1109/TCOMM.2022.3231893}}

@ARTICLE{9387559,
  author={Zhang, Yan and Zhang, Jiayi and Renzo, Marco Di and Xiao, Huahua and Ai, Bo},
  journal={IEEE Transactions on Vehicular Technology}, 
  title={Performance Analysis of {RIS}-Aided Systems With Practical Phase Shift and Amplitude Response}, 
  year={2021},
  volume={70},
  number={5},
  pages={4501-4511},
  doi={10.1109/TVT.2021.3069174}}

@ARTICLE{9223720,
  author={Xu, Peng and Chen, Gaojie and Yang, Zheng and Renzo, Marco Di},
  journal={IEEE Wireless Communications Letters}, 
  title={Reconfigurable Intelligent Surfaces-Assisted Communications With Discrete Phase Shifts: How Many Quantization Levels Are Required to Achieve Full Diversity?}, 
  year={2021},
  volume={10},
  number={2},
  pages={358-362}}


   @INPROCEEDINGS{9350499,
  author={Mahbub, Mobasshir and Saym, Mir Md. and Rouf, Md. Abdur},
  booktitle={~Proc. International Conference on Sustainable Technologies for Industry 4.0 (STI)}, 
  title={{MmWave} Propagation Characteristics Analysis for {UMa} and {UMi} Wireless Communications}, 
  
  volume={},
  number={},
  pages={1-5},
  doi={10.1109/STI50764.2020.9350499}}

  @INPROCEEDINGS{9568459,
  author={Al-Shammari, Basim K. J. and Hburi, Ismail and Idan, Hayder R. and Khazaal, Hasan F.},
  booktitle={Proc.~International Conference on Communication \& Information Technology (ICICT)}, 
  title={An Overview of {mmWave} Communications for {5G}}, 
  year={2021},
  volume={},
  number={},
  pages={133-139},
  doi={10.1109/ICICT52195.2021.9568459}}

  @ARTICLE{9201413,
  author={Zeng, Shuhao and Zhang, Hongliang and Di, Boya and Han, Zhu and Song, Lingyang},
  journal={IEEE Commun. Lett.}, 
  title={Reconfigurable Intelligent Surface {(RIS)} Assisted Wireless Coverage Extension: {RIS} Orientation and Location Optimization}, 
  year={2021},
  volume={25},
  number={1},
  pages={269-273},
  doi={10.1109/LCOMM.2020.3025345}}

  @INPROCEEDINGS{9824117,
  author={Jiao, Huiying and Liu, Hui and Wang, Zhiqin},
  booktitle={Proc.~International Wireless Communications and Mobile Computing (IWCMC)}, 
  title={Reconfigurable Intelligent Surfaces aided Wireless Communication: Key Technologies and Challenges}, 
  year={2022},
  volume={},
  number={},
  pages={1364-1368},
  doi={10.1109/IWCMC55113.2022.9824117}}

   @ARTICLE{8982186,
  author={Guo, Huayan and Liang, Ying-Chang and Chen, Jie and Larsson, Erik G.},
  journal=ITWIREL, 
  title={Weighted Sum-Rate Maximization for Reconfigurable Intelligent Surface Aided Wireless Networks}, 
  year={2020},
  volume={19},
  number={5},
  pages={3064-3076},
  doi={10.1109/TWC.2020.2970061}}

@INPROCEEDINGS{9606297,
  author={Issa, Mariam and Artail, Hassan},
  booktitle={Proc.~International Conference on Wireless and Mobile Computing, Networking and Communications (WiMob)}, 
  title={Using Reflective Intelligent Surfaces for Indoor Scenarios: Channel Modeling and {RIS} Placement}, 
  year={2021},
  volume={},
  number={},
  pages={277-282},
  doi={10.1109/WiMob52687.2021.9606297}}

  @ARTICLE{9160972,

  author={Yigit, Zehra and Basar, Ertugrul and Altunbas, Ibrahim},

  journal={IEEE Communications Letters}, 

  title={Low Complexity Adaptation for Reconfigurable Intelligent Surface-Based {MIMO} Systems}, 

  year={2020},

  volume={24},

  number={12},

  pages={2946-2950},

  doi={10.1109/LCOMM.2020.3014820}}
@article{khan2019deep,
  title={Deep-learning-aided detection for reconfigurable intelligent surfaces},
  author={Khan, Saud and Khan, Komal S and Haider, Noman and Shin, Soo Young},
  journal={arXiv preprint arXiv:1910.09136},
  year={2019}
}

  @ARTICLE{9738798,
  author={Trigui, Im{\`e}ne and Ajib, Wessam and Zhu, Wei-Ping and Renzo, Marco Di},
  journal={IEEE Open Journal of the Communications Society}, 
  title={Performance Evaluation and Diversity Analysis of {RIS}-Assisted Communications Over Generalized Fading Channels in the Presence of Phase Noise}, 
  year={2022},
  volume={3},
  number={},
  pages={593-607},
  doi={10.1109/OJCOMS.2022.3160722}}

  @ARTICLE{9397266,
  author={Basar, Ertugrul and Yildirim, Ibrahim},
  journal={IEEE Wireless Commun.}, 
  title={Reconfigurable Intelligent Surfaces for Future Wireless Networks: A Channel Modeling Perspective}, 
  year={2021},
  volume={28},
  number={3},
  pages={108-114},
  doi={10.1109/MWC.001.2000338}}

@article{dorokhin2022reconfigurable,
  title={Reconfigurable Intelligent Surface {MIMO} Simulation using Quasi Deterministic Radio Channel Model},
  author={Dorokhin, Semyon and Lysov, Pavel and Aderkina, Anastasia and Lyashev, Vladimir},
  journal={arXiv preprint arXiv:2211.12601},
  year={2022}
}

@ARTICLE{He2018,
  author={He, Danping and Ai, Bo and Guan, Ke and Zhong, Zhangdui and Hui, Bing and Kim, Junhyeong and Chung, Heesang and Kim, Ilgyu},
  journal={IEEE Transactions on Intelligent Transportation Systems}, 
  title={Channel Measurement, Simulation, and Analysis for High-Speed Railway Communications in {5G} Millimeter-Wave Band}, 
  year={2018},
  volume={19},
  number={10},
  pages={3144-3158},
  doi={10.1109/TITS.2017.2771559}
  }

@ARTICLE{Qiu2021,
  author={Qiu, Hao and GarcÃ­a-Loygorri, Juan Moreno and Guan, Ke and He, Danping and Xu, Ziheng and Ai, Bo and Berbineau, Marion},
  journal={IEEE Access}, 
  title={Emulation of Radio Technologies for Railways: A Tapped-Delay-Line Channel Model for Tunnels}, 
  year={2021},
  volume={9},
  number={},
  pages={1512-1523},
  doi={10.1109/ACCESS.2020.3046852}
  }

  @ARTICLE{Berbineau2021,
  author={Berbineau, Marion and Behaegel, Romain and Garcia-Loygorri, Juan Moreno and Torrego, Raul and DâErrico, Raffaele and Sabra, Ali and Yan, Ying and Soler, JosÃ©},
  journal={IEEE Access}, 
  title={Channel Models for Performance Evaluation of Wireless Systems in Railway Environments}, 
  year={2021},
  volume={9},
  number={},
  pages={45903-45918},
  doi={10.1109/ACCESS.2021.3066112}
  }

  @INPROCEEDINGS{9814619,
  author={Xu, Jianpeng and Ai, Bo and Quek, Tony Q. S. and Liuc, Yupei},
  booktitle={Proc.~IEEE International Conference on Communications Workshops (ICC Workshops)}, 
  title={Deep Reinforcement Learning for Interference Suppression in {RIS}-Aided High-Speed Railway Networks}, 
  year={2022},
  volume={},
  number={},
  pages={337-342},
  doi={10.1109/ICCWorkshops53468.2022.9814619}}

% articles que j'ai trouvÃ©s - est-ce que tu les as??
@ARTICLE{Agheli2022,
  author={Agheli, Pouya and Beyranvand, Hamzeh and Emadi, Mohammad Javad},
  journal={Journal of Lightwave Technology}, 
  title={High-Speed Trains Access Connectivity Through RIS-Assisted FSO Communications}, 
  year={2022},
  volume={40},
  number={21},
  pages={7084-7094},
  doi={10.1109/JLT.2022.3199608}
  }

@ARTICLE{Ma2021,
  author={Ma, Zheng and Wu, Yanliang and Xiao, Ming and Liu, Gang and Zhang, Zhengquan},
  journal={IEEE Transactions on Vehicular Technology}, 
  title={Interference Suppression for Railway Wireless Communication Systems: A Reconfigurable Intelligent Surface Approach}, 
  year={2021},
  volume={70},
  number={11},
  pages={11593-11603},
  doi={10.1109/TVT.2021.3111646}
  }
@ARTICLE{9933649,
  author={Li, Panpan and Niu, Yong and Wu, Hao and Han, Zhu and Ai, Bo and Wang, Ning and Zhong, Zhangdui},
  journal={IEEE Transactions on Vehicular Technology}, 
  title={{RIS}-assisted Scheduling for High-Speed Railway Secure Communications}, 
  year={2022},
  volume={},
  number={},
  pages={1-15},
  doi={10.1109/TVT.2022.3218285}}
  
@ARTICLE{Xu2022-1,
author={Jianpeng, Xu and Bo, Ai and Tony Q. S., Quek},
title={Towards Interference Suppression: RIS-Aided High-Speed Railway Networks via Deep Reinforcement Learning},
journal={IEEE Transactions on Vehicular Technology}, 
year={2022},
number={early access article},
}

@ARTICLE{Xu2022-2,
  author={Xu, Jianpeng and Ai, Bo},
  journal={IEEE Wireless Communications Letters}, 
  title={When {mmWave} High-Speed Railway Networks Meet Reconfigurable Intelligent Surface: A Deep Reinforcement Learning Method}, 
  year={2022},
  volume={11},
  number={3},
  pages={533-537},
  doi={10.1109/LWC.2021.3135602}
  }

@ARTICLE{Chen2022,
  author={Chen, Changshan and Pan, Cunhua},
  journal={IEEE Communications Letters}, 
  title={Blocking Probability in Obstructed Tunnels With Reconfigurable Intelligent Surface}, 
  year={2022},
  volume={26},
  number={2},
  pages={458-462},
  doi={10.1109/LCOMM.2021.3128529}
  }


  @ARTICLE{9690475,
  author={Zhang, Jiayi and Liu, Heng and Wu, Qingqing and Jin, Yu and Chen, Yuanbin and Ai, Bo and Jin, Shi and Cui, Tie Jun},
  journal={IEEE Wireless Communications}, 
  title={{RIS}-Aided Next-Generation High-Speed Train Communications: Challenges, Solutions, and Future Directions}, 
  year={2021},
  volume={28},
  number={6},
  pages={145-151},
  doi={10.1109/MWC.001.2100170}}

  @ARTICLE{9241881,
  author={Sena, Arthur S. de and Carrillo, Dick and Fang, Fang and Nardelli, Pedro H. J. and Costa, Daniel B. da and Dias, Ugo S. and Ding, Zhiguo and Papadias, Constantinos B. and Saad, Walid},
  journal={IEEE Wireless Communications}, 
  title={What Role Do Intelligent Reflecting Surfaces Play in Multi-Antenna Non-Orthogonal Multiple Access?}, 
  year={2020},
  volume={27},
  number={5},
  pages={24-31},
  doi={10.1109/MWC.001.2000061}}

  @article{li2023mmwave,
  title={{mmWave} Coverage Extension Using Reconfigurable Intelligent Surfaces in Indoor Dense Spaces},
  author={Li, Zhenyu and Topal, Ozan Alp and Demir, {\"O}zlem Tu{\u{g}}fe and Bj{\"o}rnson, Emil and Cavdar, Cicek},
  journal={arXiv preprint arXiv:2302.09257},
  year={2023}
}

@ARTICLE{9360709,
  author={Yuan, Xiaojun and Zhang, Ying-Jun Angela and Shi, Yuanming and Yan, Wenjing and Liu, Hang},
  journal={IEEE Wireless Communications}, 
  title={Reconfigurable-Intelligent-Surface Empowered Wireless Communications: Challenges and Opportunities}, 
  year={2021},
  volume={28},
  number={2},
  pages={136-143},
  doi={10.1109/MWC.001.2000256}}


@inproceedings{habib2023extended,
  title={{Extended {NYUSIM}-based {mmWave} Channel Model and Simulator for {RIS}-Assisted Systems}},
  author={Habib, Aline and Khaled, Israa and El Falou, Ammar and Langlais, Charlotte},
  booktitle={European Conference on Networks and Communications (EuCNC)},
  year={2023}
}

@article{liu2021reconfigurable,
  title={Reconfigurable intelligent surfaces: Principles and opportunities},
  author={Liu, Yuanwei and Liu, Xiao and Mu, Xidong and Hou, Tianwei and Xu, Jiaqi and Di Renzo, Marco and Al-Dhahir, Naofal},
  journal={IEEE communications surveys \& tutorials},
  volume={23},
  number={3},
  pages={1546--1577},
  year={2021},
  publisher={IEEE}
}

@INPROCEEDINGS{8644519,

  author={Huang, Chongwen and Alexandropoulos, George C. and Zappone, Alessio and Debbah, MÃ©rouane and Yuen, Chau},

  booktitle={2018 IEEE Globecom Workshops (GC Wkshps)}, 

  title={Energy Efficient Multi-User {MISO} Communication Using Low Resolution Large Intelligent Surfaces}, 

  year={2018},

  volume={},

  number={},

  pages={1-6},

  doi={10.1109/GLOCOMW.2018.8644519}}
@ARTICLE{9119122,
  author={Di Renzo, Marco and Ntontin, Konstantinos and Song, Jian and Danufane, Fadil H. and Qian, Xuewen and Lazarakis, Fotis and De Rosny, Julien and Phan-Huy, Dinh-Thuy and Simeone, Osvaldo and Zhang, Rui and Debbah, Meroaune and Lerosey, Geoffroy and Fink, Mathias and Tretyakov, Sergei and Shamai, Shlomo},
  journal={IEEE Open Journal of the Communications Society}, 
  title={Reconfigurable Intelligent Surfaces vs. Relaying: Differences, Similarities, and Performance Comparison}, 
  year={2020},
  volume={1},
  number={},
  pages={798-807},
  doi={10.1109/OJCOMS.2020.3002955}}
@INPROCEEDINGS{4623913,
  author={Schoenen, Rainer and Zirwas, Wolfgang and Walke, Bernhard H.},
  booktitle={2008 14th European Wireless Conference}, 
  title={Raising coverage and capacity using fixed relays in a realistic scenario}, 
  year={2008},
  volume={},
  number={},
  pages={1-6},
  doi={10.1109/EW.2008.4623913}}

  @ARTICLE{9785636,
  author={Wang, Yiru and Guan, Pengxin and Yu, Hongkang and Zhao, Yuping},
  journal={IEEE Access}, 
  title={Transmit Power Optimization of Simultaneous Transmission and Reflection {RIS} Assisted Full-Duplex Communications}, 
  year={2022},
  volume={10},
  number={},
  pages={61192-61200},
  doi={10.1109/ACCESS.2022.3179115}}

@article{bjornson2020reconfigurable,
  title={Reconfigurable intelligent surfaces: Three myths and two critical questions},
  author={Bj{\"o}rnson, Emil and {\"O}zdogan, {\"O}zgecan and Larsson, Erik G},
  journal={IEEE Communications Magazine},
  volume={58},
  number={12},
  pages={90--96},
  year={2020},
  publisher={IEEE}
}


  @inproceedings{el2018performance,
  title={Performance assessment of linear precoding for multi-user massive {MIMO} systems on a realistic {5G mmWave} channel},
  author={El Hassan, Mariam and El Falou, Ammar and Langlais, Charlotte},
  booktitle={Proc.~IEEE Middle East and North Africa COMMunications Conference (MENACOMM)},
  year={2018}
}

@article{khaled2021multi,
  title={Multi-user angle-domain {MIMO-NOMA} system for {mmWave} communications},
  author={Khaled, Israa and Langlais, Charlotte and El Falou, Ammar and Elhassan, Bachar and Jezequel, Michel},
  journal={IEEE Access},
  volume={9},
  pages={129443--129459},
  year={2021},
  publisher={IEEE}
}

 